1670 2736
532 86 618 117 11113.
636 86 667 116 1.
686 86 816 116 umam.
835 87 894 116 π.
1277 78 1354 118 261

133 185 164 224 J
163 188 404 239 ungat-utque
420 184 514 238 pari.
568 183 734 223 Butram
745 182 819 223 tibi
837 183 1132 236 Septiciumque,

133 239 191 279 Et
206 239 284 279 nisi
300 253 418 279 coena
432 239 536 292 prior
552 238 753 290 potiorque
769 237 896 289 puella
913 237 1099 276 Sabinum

133 293 308 342 Detinet,
325 306 538 341 assumam;
564 292 669 331 locus
687 293 748 330 est
765 293 806 330 et
822 291 994 343 pluribus
1012 292 1158 330 umbris
1175 308 1183 330 :

135 347 212 386 Sed
227 347 342 386 nimis
359 349 466 386 arcta
481 347 662 398 premunt
680 345 801 384 olidae
819 345 993 384 convivia
1010 358 1154 396 caprae.

134 400 207 448 Tu,
225 403 367 452 quotus
385 413 468 440 esse
484 399 591 447 velis,
609 399 773 438 rescribe
790 400 831 437 et
849 399 961 437 rebus
980 399 1129 438 omissis

135 454 249 493 Atria
265 456 482 494 servantem
499 453 647 505 postico
664 452 752 491 fasse
770 452 960 491 clientem.

365 719 577 758 Erls'rom
603 718 796 764 V1.—A1›
824 718 1074 757 Nummum.

138 807 208 846 Nil
225 807 403 846 admirari
419 820 536 859 prope
553 819 612 846 res
630 808 690 845 est
707 819 795 854 una,
814 806 984 854 Numici,

137 861 312 912 Solaque,
330 873 426 913 quae
441 860 564 912 possit
581 860 703 899 facere
721 862 762 899 et
780 873 928 898 servare
946 860 1115 899 beatum.

138 914 258 954 Hunc
275 914 394 954 solem
410 916 451 953 et
469 913 597 953 stellas
615 915 656 952 et
673 913 896 952 decedentia
913 914 1027 952 certis

139 968 328 1020 Tempora
343 967 550 1007 momentis
567 969 660 1006 sunt
678 967 744 1018 qui
761 967 963 1006 formidine
981 968 1087 1007 uuna

140 1021 290 1060 Imbuti
306 1023 502 1074 spectent:
530 1021 624 1072 quid
641 1034 767 1060 senses
785 1034 945 1060 munera
960 1023 1096 1069 terrae,

139 1075 243 1122 Quid
258 1075 372 1114 maris
389 1076 580 1114 extremos
598 1074 744 1113 Arabas
763 1074 923 1113 ditantis
942 1076 982 1113 et
1001 1075 1132 1123 Indos,

139 1127 304 1167 Ludicra
320 1128 422 1180 quid,
440 1128 594 1180 plausus
613 1130 653 1167 et
672 1128 786 1166 amici
803 1128 904 1166 dona
922 1128 1094 1176 Quiritis,

86 1195 88 1197 ·
137 1182 222 1229 Quo
239 1181 445 1234 spectanda
461 1181 588 1230 modo,
606 1195 682 1233 quo
701 1195 815 1220 sensu
832 1181 952 1220 credis
971 1184 1011 1221 et
1030 1182 1125 1221 ore?

137 1235 213 1282 Qui
229 1235 344 1274 timet
360 1235 421 1274 his
439 1235 607 1283 adversa,
625 1235 702 1274 fere
720 1235 883 1273 miratur
901 1235 1045 1283 eodem,

134 1288 220 1336 Quo
233 1289 400 1340 cupiens,
417 1291 553 1341 pacto3
579 1302 698 1340 pavor
715 1291 775 1327 est
793 1289 998 1340 utrobique
1015 1290 1211 1338 molestus,

135 1341 350 1394 Improvisa
366 1342 482 1381 simul
499 1342 640 1395 species
659 1344 826 1381 exterret
843 1344 1062 1394 utrumque.

134 1395 311 1435 Gaudeat
328 1409 378 1435 an
395 1396 534 1444 doleat,
552 1396 681 1447 cupiat
699 1398 909 1444 metuatne,
929 1396 1021 1447 quid
1038 1397 1086 1436 ad
1104 1411 1195 1446 rem,

134 1449 188 1496 Si,
205 1449 390 1501 quidquid
406 1449 505 1488 vidit
522 1449 658 1488 melius
676 1449 830 1501 pejusve
848 1463 917 1488 sua
933 1463 1011 1501 spe,

135 1502 282 1541 Defixis
299 1503 417 1542 oculis
435 1503 636 1554 animoque
654 1506 695 1542 et
713 1517 867 1554 corpore
884 1502 1046 1555 torpet?

190 1556 324 1595 Insani
340 1556 490 1608 sapiens
506 1570 648 1595 nomen
665 1556 775 1604 ferat,
794 1570 935 1608 aequus
953 1557 1086 1608 iniqui,

135 1609 252 1648 Ultra
268 1623 384 1661 quam
401 1609 494 1648 satis
512 1611 572 1648 est
589 1609 776 1648 virtutem
794 1610 827 1648 si
843 1612 953 1661 petat
970 1611 1104 1662 ipsam.

136 1663 159 1701 I
178 1677 291 1711 nunc,
309 1665 515 1715 argentum
532 1665 573 1702 et
591 1677 758 1702 marmor
775 1665 887 1702 vetus
906 1677 1065 1715 aeraque
1084 1667 1124 1703 et
1143 1667 1242 1704 artes

135 1717 304 1768 Suspice,
322 1730 412 1755 cum
428 1716 591 1769 gemmis
610 1716 748 1768 Tyrios
766 1717 903 1756 mirare
922 1717 1086 1766 colores,

136 1770 282 1818 Gaude,
300 1770 403 1822 quod
419 1772 597 1822 spectant
615 1770 715 1810 oculi
731 1773 772 1810 te
790 1770 894 1810 mille
912 1771 1155 1822 loquentem3

136 1824 271 1862 Navus
288 1837 400 1862 mane
417 1823 543 1863 forum
562 1826 602 1863 et
619 1825 857 1876 vespertinus
875 1827 964 1876 pete
980 1827 1142 1874 tectum,

136 1877 200 1916 Ne
217 1877 303 1929 plus
320 1877 505 1916 frumenti
522 1877 713 1917 dotalibus
731 1880 876 1917 emetat
894 1878 996 1930 agris

137 1930 276 1970 Mutus
294 1933 346 1978 et,
359 1931 574 1982 indignum,
593 1932 695 1983 quod
712 1931 764 1971 sit
781 1931 972 1984 pejoribus
991 1934 1110 1980 ortus,

136 1983 217 2022 Hic
234 1984 308 2023 tibi
326 1984 378 2023 sit
395 1985 524 2036 potius
542 1998 658 2036 quam
674 1987 722 2024 tu
738 1986 922 2024 mirabilis
939 1986 1007 2024 1111.

136 2037 331 2089 Quidquid
348 2039 419 2077 sub
435 2040 539 2077 terra
556 2041 627 2086 est,
645 2039 687 2077 in
704 2039 875 2091 apricum
891 2039 1059 2090 proferet
1077 2042 1180 2078 aetas
1194 2057 1203 2089 ;
1252 2038 1262 2045 ”

137 2090 318 2130 Defodiet
335 2091 546 2143 condetque
564 2092 740 2131 nitentia.
795 2091 896 2131 Cum
913 2093 1009 2131 bene
1026 2095 1165 2132 notum

137 2144 315 2183 Porticus
333 2145 526 2197 Agrippae
543 2147 584 2184 et
601 2145 665 2184 via
681 2147 722 2184 te
741 2146 979 2197 conspexerit
996 2146 1110 2197 Appi,

137 2197 201 2236 Ire
218 2200 350 2237 tamen
366 2201 498 2247 restat,
516 2199 650 2238 Numa
666 2213 742 2251 quo
759 2199 914 2238 devenit
931 2201 972 2238 et
989 2199 1133 2238 Ancus.

190 2250 232 2288 Si
248 2251 350 2290 latus
369 2253 436 2291 aut
454 2265 561 2291 renes
579 2253 712 2292 morbo
729 2254 933 2292 tentantur
951 2255 1076 2300 acuto,

138 2304 283 2352 Quaere
300 2305 432 2357 fugam
449 2305 584 2344 morbi.
638 2306 708 2345 Vis
726 2309 829 2346 recte
846 2306 995 2345 vivere:
1024 2307 1108 2358 quis
1127 2307 1236 2346 non?

137 2356 180 2395 Si
196 2357 320 2396 virtus
337 2358 411 2397 hoc
428 2372 505 2397 una
521 2360 651 2410 potest
669 2359 769 2408 dare,
787 2360 899 2399 fortis
917 2360 1067 2399 omissis

136 2410 227 2450 Hoc
244 2424 315 2462 age
332 2411 486 2450 deliciis.
542 2412 738 2452 Virtutem
755 2413 870 2452 verba
886 2415 999 2465 putas
1018 2416 1058 2452 et

138 2464 288 2503 Lucum
304 2464 430 2516 ligna:
459 2479 549 2504 cave
567 2479 615 2504 ne
632 2469 766 2518 portus
785 2469 944 2518 occupet
962 2467 1070 2514 alter,

137 2517 201 2556 Ne
218 2517 449 2570 Cibyratica,
466 2532 515 2557 ne
533 2518 708 2571 Bithyna
725 2520 880 2572 negotia
896 2520 1052 2571 perdas3

136 2570 248 2610 Mine
265 2571 413 2611 talenta
430 2572 696 2622 rotundentur,
714 2573 879 2612 totidem
898 2573 1029 2621 altera,
1047 2586 1159 2624 porro
1178 2576 1218 2612 et
