1670 2736
509 139 515 146 ·
550 123 635 180 1¹13}
654 123 684 152 1.
702 123 834 152 EPIST.
853 123 912 151 Π.

292 1728 504 1767 Ems’rom
531 1728 723 1767 IV.—AJJ
750 1728 927 1767 ALBIUM
954 1727 1194 1766 TIBULLUM.

160 1815 264 1864 Albi,
282 1817 501 1854 nostrorum
518 1829 736 1855 sermonum
753 1815 910 1854 candide
922 1815 1053 1867 judex,

161 1869 265 1917 Quid
281 1883 384 1908 nunc
401 1871 442 1908 te
460 1869 583 1908 dicam
600 1870 722 1908 faeere
739 1869 781 1908 in
798 1869 952 1921 regione
970 1869 1125 1907 Pedana
1140 1868 1158 1907 Ρ

162 1922 333 1962 Scribere
351 1923 454 1974 quod
472 1922 579 1962 Cassi
597 1922 813 1962 Parmensis
832 1922 1012 1974 opuscula
1028 1922 1169 1970 vineat,

161 1977 227 2015 An
244 1976 410 2015 tacitum
428 1976 540 2016 silvas
550 1977 660 2015 'inter
676 1979 825 2028 reptare
845 1976 1024 2024 salubres,

163 2029 374 2068 Gumntem
392 2030 577 2082 quidquid
593 2030 755 2082 dignum
772 2030 942 2082 sapiente
959 2030 1134 2081 bonoque
1153 2031 1211 2068 est
1226 2029 1244 2068 P
1267 2041 1278 2049 ‘

164 2083 258 2122 Non
274 2085 322 2122 tu
339 2097 473 2135 corpus
491 2098 573 2123 eras
591 2084 671 2123 sine
688 2086 853 2135 pectore.
907 2083 962 2122 Di
978 2083 1053 2122 tibi
1070 2084 1243 2126 formam,

164 2136 219 2175 Di
235 2136 311 2175 tibi
328 2137 482 2176 divitias
502 2138 687 2177 dederunt
706 2140 902 2188 artemque
919 2137 1080 2176 fruendi.

166 2189 269 2238 Quid
285 2192 423 2229 voveat
442 2191 546 2230 dulei
563 2191 758 2230 nutricula
773 2191 896 2242 majus
915 2190 1080 2239 alumno,

165 2243 242 2290 Qui
259 2256 388 2294 sapere
406 2246 446 2283 et
463 2244 535 2283 fari
552 2245 674 2296 possit
692 2258 786 2296 quae
805 2244 958 2292 sentiat,
977 2246 1017 2283 et
1035 2244 1097 2283 eui

165 2296 312 2343 Gratia,
330 2297 442 2345 fama,
460 2298 638 2337 valetudo
657 2298 858 2349 contingat
876 2298 1024 2336 abunde

164 2349 222 2387 Et
238 2350 403 2389 mundus
420 2350 557 2399 victus,
575 2365 652 2390 non
671 2351 870 2390 deficiente
888 2350 1097 2390 crumena?

165 2401 277 2441 Inter
295 2416 402 2454 spem
419 2418 633 2456 curamque,
650 2405 809 2444 timores
826 2405 929 2443 inter
946 2407 986 2443 et
1003 2404 1091 2451 iras,

165 2455 331 2495 Omnem
347 2457 456 2496 erede
474 2457 575 2496 diem
591 2458 665 2497 tibi
682 2458 862 2496 diluxisse
880 2471 1121 2509 supremum:

165 2509 288 2548 Grata
304 2511 554 2562 superveniet,
569 2525 663 2562 quae
680 2525 758 2550 non
776 2511 999 2563 sperabitur,
1013 2511 1118 2550 hora.

165 2561 235 2601 Me
251 2563 433 2614 pinguem
451 2566 491 2603 et
508 2565 675 2603 nitidum
692 2565 788 2604 bene
806 2567 938 2604 curata
956 2567 1044 2603 cute
1061 2565 1171 2613 vises,

165 2614 265 2655 Cum
282 2616 404 2657 ridere
420 2618 524 2657 voles
542 2618 701 2670 Epicuri
718 2618 765 2658 de
783 2631 899 2670 grege
916 2631 1085 2670 porcum.

1294 109 1373 147 259
