1670 2736
591 113 677 143 ΠΒ.
695 112 764 141 m.
785 112 1046 142 cnm-xxxv.
1377 106 1453 143 111

494 835 675 897 CAnMnN
691 856 952 897 XXIVs-Irs
970 858 1152 897 AvAnos.

339 945 505 985 Intactis
522 945 737 997 opulentior

391 999 594 1039 Thesauris
612 998 786 1037 Arabum
804 1000 844 1037 et
862 998 1007 1037 divitus
1026 998 1160 1037 Indiae

339 1052 554 1092 Caementis
571 1052 662 1091 licet
676 1065 834 1103 occupes

390 1106 635 1158 Tyrrhenum
652 1119 764 1144 omne
781 1105 861 1143 tuis
879 1107 920 1144 et
938 1119 1042 1144 mare
1060 1106 1279 1158 Apulicum,

339 1193 381 1232 Si
397 1193 485 1245 figit
503 1192 768 1240 adamantinos

392 1246 559 1285 Summis
577 1246 782 1285 verticibus
802 1245 884 1284 dira
901 1246 1119 1285 Necessitas

339 1299 488 1348 Clavos,
505 1314 584 1339 non
601 1300 773 1338 animum
790 1302 910 1346 metu,

391 1354 485 1393 Non
501 1353 637 1392 mortis
654 1353 798 1405 laqueis
816 1352 989 1404 expedies
1008 1356 1134 1404 caput.

340 1440 580 1492 Campestres
598 1440 733 1479 melius
754 1440 932 1491 Scythae,

391 1495 564 1542 Quorum
579 1494 750 1545 plaustra
767 1507 883 1545 vagas
900 1494 975 1532 rite
992 1494 1155 1532 trahunt
1173 1494 1316 1541 domos,

337 1547 487 1587 Vivunt
505 1550 545 1586 et
562 1546 676 1599 rigidi
694 1547 828 1594 Getae,

392 1601 603 1640 Immetata
620 1600 757 1652 quibus
769 1600 907 1652 jugera
923 1600 1059 1639 liberas

341 1689 489 1740 Fruges
507 1690 547 1727 et
566 1687 742 1726 Cererem
759 1687 890 1726 ferunt

390 1742 475 1781 Nec
493 1741 643 1780 cultura
658 1741 783 1792 placet
800 1741 950 1792 longior
967 1755 1094 1779 annua

339 1795 651 1846 Defunctumque
667 1794 859 1833 laboribus

392 1848 554 1900 Aequali
570 1850 714 1887 recreat
732 1850 834 1886 sorte
852 1848 1024 1886 vicarius.

339 1936 426 1975 mie
443 1938 567 1974 matre
585 1935 801 1974 carentibus

391 1989 583 2041 Privignis
601 1988 737 2027 mulier
753 1991 944 2040 temperat
961 1989 1153 2036 innocens,

338 2044 423 2082 Nec
441 2043 575 2082 dotata
590 2042 692 2094 regit
709 2042 835 2080 virum

393 2096 543 2148 Conjux
559 2109 629 2135 nec
646 2096 770 2134 nitido
788 2096 876 2134 fidit
894 2096 1078 2134 adultero.

339 2184 422 2223 Dos
440 2186 500 2223 est
516 2197 657 2236 magna
674 2184 891 2235 parentium

393 2237 528 2277 Virtus
546 2240 587 2276 et
604 2240 779 2276 metuens
798 2237 953 2276 alterius
971 2237 1043 2275 viri

341 2291 457 2330 Certo
474 2291 622 2330 foedere
640 2291 797 2329 castitas
811 2307 820 2338 ;

391 2345 448 2383 Et
464 2358 617 2396 peccare
633 2344 738 2383 nefas
756 2347 824 2383 aut
842 2344 1009 2396 pretium
1027 2346 1085 2383 est
1105 2344 1213 2382 mori.

341 2432 374 2471 O
393 2431 561 2483 quisquis
578 2432 682 2471 volet
699 2432 837 2484 impias

392 2484 534 2524 Caedes
552 2487 592 2524 et
608 2485 753 2524 rabiem
769 2486 903 2525 tollere
922 2485 1091 2532 civicam,

340 2538 381 2577 Si
398 2540 554 2590 quaeret
572 2539 714 2577 Pirum
732 2550 903 2578 URBIUM

393 2591 585 2631 Subscribi
602 2592 753 2641 statuis,
770 2592 1000 2632 indomitam
1019 2591 1157 2631 audeat
