1670 2736
356 958 537 998 eman
554 957 787 996 xlv—Am
807 967 1007 995 POPULUM
1026 956 1266 996 Romnum.

436 1034 617 1074 Herculis
634 1034 715 1072 ritu
731 1033 845 1072 modo
865 1032 1001 1080 dietus,
1022 1032 1055 1071 Ο
1073 1033 1194 1084 plebs,

437 1088 570 1127 Morte
586 1087 759 1126 venalem
776 1086 929 1138 petiisse
947 1086 1098 1124 laurum

437 1141 575 1181 Caesar
592 1141 769 1192 Hispana
785 1140 926 1191 repetit
944 1142 1100 1191 penates

544 1195 681 1234 Victor
699 1195 746 1233 ab
764 1207 841 1232 ora.

439 1271 565 1310 Unico
583 1271 752 1323 gaudens
769 1270 907 1308 mulier
924 1270 1063 1308 marito

438 1325 605 1364 Prodeat
617 1325 735 1377 justis
753 1326 908 1375 operata
925 1323 1050 1371 sacris,

437 1379 494 1417 Et
512 1392 616 1417 soror
635 1378 731 1417 clari·
744 1377 851 1416 ducis
869 1379 910 1416 et
928 1377 1082 1416 decorae

545 1432 721 1484 Supplice
738 1432 840 1470 vitta

436 1509 643 1560 Virginum
659 1508 829 1547 matres
813 1521 1074 1570 juvenumque
1092 1521 1212 1559 nuper

438 1563 646 1623 Sospitum.
701 1562 793 1610 Vos,
812 1562 846 1600 Ο
865 1561 973 1613 pueri
991 1564 1031 1600 et
1050 1561 1199 1622 puellee

438 1615 467 1653 J
469 1629 531 1654 am
547 1615 674 1653 virum
691 1617 878 1666 expertae,
896 1614 996 1653 male
1018 1614 1196 1653 ominatis

544 1669 696 1708 Parcite
713 1668 850 1707 verbis.

438 1745 517 1784 Hic
535 1745 613 1784 dies
631 1758 718 1784 vere
735 1745 833 1783 1111111
850 1744 971 1783 festus
989 1746 1091 1783 atras

439 1799 596 1837 Eximet
615 1812 744 1846 curas3
762 1812 834 1860 ego
851 1811 920 1837 nec
937 1798 1152 1837 tumultum

438 1852 523 1892 Nec
541 1852 638 1891 mori
654 1865 722 1903 per
739 1852 819 1890 vim
835 1853 1008 1891 metuam
1024 1854 1180 1891 tenente

544 1905 701 1945 Caesare
717 1908 849 1944 terras.

437 1982 471 2030 Ι,
489 1985 576 2034 pete
593 1985 847 2035 unguentum,
865 1995 970 2034 puer,
988 1984 1028 2021 et
1047 1995 1203 2021 coronas

439 2037 496 2075 Et
514 2036 651 2075 eadum
669 2036 792 2075 Marsi
809 2049 1016 2075 memorem
1034 2035 1163 2083 duelli,

439 2090 664 2141 Spartacum
681 2090 714 2129 31
732 2103 808 2141 qua
823 2090 952 2141 potuit
970 2092 1176 2141 vagantem
1240 2100 1251 2106 ·’

544 2143 692 2182 Fallere
709 2145 823 2182 testa.

438 2213 513 2252 Dic
531 2215 571 2252 et
589 2215 747 2266 argutae
764 2214 941 2265 properet
958 2212 1128 2252 Neaerae

438 2266 668 2328 Myrrheum
684 2267 785 2306 nodo
803 2267 977 2306 cohibere
995 2266 1158 2314 crinem;

439 2320 480 2358 Si
496 2334 563 2372 per
580 2320 746 2359 invisum
762 2334 870 2359 mora
880 2320 1087 2372 janitorem

544 2373 645 2422 Fiet,
663 2374 780 2413 abito

440 2443 557 2482 Lenit
575 2444 765 2483 albescens
784 2443 929 2482 animos
948 2443 1106 2494 capillus

439 2497 587 2535 Litium
605 2499 645 2536 et
662 2497 764 2536 rixae
782 2497 937 2548 cupidos
955 2499 1174 2548 protervae3

438 2550 530 2589 Non
549 2564 619 2602 ego
637 2551 710 2590 hoc
726 2551 864 2589 ferrem
882 2550 1024 2590 calidus
1037 2550 1198 2602 juventa

545 2603 709 2643 Consule
728 2604 882 2643 Planco.
