1670 2736
261 120 336 157 172

724 127 902 155 HORATII
920 127 1057 156 EPODI.

508 222 686 260 CARMEN
705 221 934 259 XIV—AD
954 222 1261 263 MAECENATEM.

419 296 547 334 Moffis
565 296 701 334 inertia
718 309 784 333 our
801 297 951 334 tantam
969 296 1159 335 diffuderit
1176 298 1262 336 imis

472 349 708 387 Oblivionem
726 348 906 395 sensibus,

419 402 561 440 Pocula
579 401 764 439 Lethaeos
782 403 828 439 ut
846 401 879 438 si
896 401 1071 439 ducentia
1089 415 1238 441 somnos

472 456 615 492 Arente
632 454 737 492 fauce
754 454 944 499 traxerim,

421 507 586 545 Candide
605 506 815 555 MaecenaS,
834 506 969 544 occidis
989 519 1095 557 saepe
1113 508 1279 558 rogando
1295 525 1303 546 :

474 560 589 606 Deus,
608 560 698 597 deus
716 572 805 596 nam
822 572 882 597 me
900 561 1006 597 vetat

422 613 611 663 Inceptos,
631 612 721 650 olim
738 612 964 662 promissum
982 625 1142 659 carmen,
1159 613 1301 651 iambos

473 666 536 703 Ad
552 665 772 703 umbilicum
789 664 970 703 adducere

421 719 512 756 Non
531 718 638 756 aliter
657 717 782 756 Samio
800 717 931 755 dieunt
950 717 1081 755 arsisse
1100 717 1281 768 Bathyllo

473 772 712 809 Anacreonta
729 770 874 816 Teium,

423 825 495 871 Qui
513 837 687 874 persaepe
705 836 795 861 cava
811 822 1002 861 testudine
1019 823 1124 860 flevit
1138 836 1307 862 >amorem

475 877 565 915 Non
583 877 814 914 elaboratum
831 876 879 913 ad
896 875 1039 926 pedem.

424 930 553 968 Uret-is
570 930 649 980 ipse
666 929 798 967 miser:
827 928 928 979 quod
946 928 978 965 si
994 941 1071 966 non
1088 928 1277 978 pulchrior
1294 930 1393 980 ignis

475 982 659 1021 Accendit
678 982 864 1020 obsessam
883 981 994 1027 Ilion,

424 1036 555 1074 Gaude
573 1038 674 1073 sorte
691 1037 781 1081 tua3
807 1047 868 1072 me
885 1033 1060 1072 libertina
1076 1047 1196 1084 neque
1214 1048 1290 1072 uno

474 1088 664 1127 Contenta
682 1087 836 1138 Phryne
854 1088 1030 1125 macerat.

578 1295 755 1332 CARMEN
774 1293 979 1331 XV.——AD
998 1293 1221 1331 NEAERAM.

426 1371 515 1409 Nox
532 1372 613 1408 erat
631 1372 670 1407 et
688 1369 788 1407 caelo
805 1367 976 1418 fulgebat
994 1367 1085 1405 luna
1102 1382 1230 1406 sereno

479 1424 587 1461 Inter
604 1422 750 1459 minora
768 1421 899 1466 sidera,

426 1477 524 1514 Cum
541 1479 586 1513 tu
603 1487 827 1525 magnomm
844 1486 984 1510 numen
1001 1473 1145 1511 laesura
1162 1474 1316 1512 deorum

479 1529 529 1566 In
546 1528 659 1566 verba
671 1527 823 1578 jurabas
841 1539 936 1572 mea,

426 1582 559 1619 Artius
578 1583 690 1630 atque
708 1579 845 1617 hedera
861 1591 1014 1628 procera
1031 1578 1281 1629 adstringitur
1297 1580 1382 1626 ilex,

483 1634 616 1672 Lentis
635 1633 837 1670 adhaerens
855 1631 1038 1669 brachiis:

430 1689 534 1725 Dum
551 1686 676 1737 pecori
691 1685 802 1735 lupus
820 1687 859 1722 et
877 1684 1002 1721 nautis
1020 1684 1179 1722 infestus
1199 1684 1315 1723 Orion

480 1740 665 1777 Turbaret
682 1738 882 1775 hibernum
899 1749 1013 1783 mare,

430 1794 681 1842 Intonsosque
699 1791 861 1841 agitaret
878 1789 1064 1840 Apolljm's
1083 1803 1173 1827 aura
1189 1790 1351 1840 capillos,

483 1846 580 1883 Fore
597 1845 698 1882 hunc
716 1856 881 1881 amorem
899 1844 1087 1880 mutuum.

430 1900 463 1936 Ο
483 1898 645 1936 dolitura
661 1910 745 1934 mea
761 1896 928 1933 multum
945 1895 1088 1932 virtute
1106 1895 1273 1933 Neaera!

482 1951 584 1988 Nam
602 1950 633 1987 si
652 1949 743 1999 quid
759 1949 799 1986 in
818 1948 953 1985 Flacco
971 1948 1042 1985 viri
1059 1950 1129 1994 est,

430 2005 521 2042 Non
538 2004 633 2041 feret
652 2002 816 2040 assiduas
834 2000 973 2051 potiori
989 2003 1030 2038 te
1049 2001 1135 2038 dare
1152 2002 1294 2047 noctes,

483 2057 537 2093 Et
556 2057 708 2106 quaeret
725 2055 845 2092 iratus
863 2066 1003 2103 parem,

413 2109 511 2154 ⁴Neo
530 2108 643 2146 semel
661 2108 821 2145 offensae
840 2106 946 2144 cedet
965 2106 1178 2143 constantia
1195 2106 1347 2152 formae,

484 2162 524 2199 Si
542 2164 665 2199 certus
683 2160 835 2197 intrarit
853 2159 968 2196 dolor.

432 2215 486 2252 Et
504 2218 561 2261 tu,
580 2213 789 2264 quicunque
808 2223 848 2250 es
865 2211 1006 2249 felicior
1023 2214 1136 2262 atque
1154 2225 1237 2251 meo
1255 2225 1355 2249 nunc

484 2267 671 2317 Superbus
688 2265 829 2303 incedis
847 2264 957 2310 malo,

433 2321 491 2358 Sis
509 2332 640 2370 pecore
658 2321 697 2356 et
714 2318 837 2355 multa
854 2317 956 2354 dives
974 2316 1108 2354 tellure
1124 2317 1251 2354 licebit

485 2372 643 2422 Tibique
661 2371 838 2408 Pactolus
856 2370 962 2415 fluat,

432 2426 515 2463 Nec
533 2428 573 2462 te
592 2424 833 2475 Pythagorae
850 2422 982 2460 fallant
1001 2435 1134 2460 arcana
1150 2422 1282 2468 renati,

487 2478 699 2527 Formaque
716 2476 843 2513 vincas
862 2475 989 2521 Nirea,

435 2531 547 2569 Eheu
563 2529 766 2567 translatos
785 2528 857 2566 alio
875 2527 1055 2566 maerebis
1074 2540 1238 2566 amores:

486 2584 560 2620 Ast
578 2595 648 2633 ego
666 2581 829 2619 vicissim
847 2580 973 2618 risero.
