1670 2736
1338 91 1413 130 171

468 1580 649 1619 CARMEN
667 1580 910 1618 XIII.—A1)
929 1592 1098 1619 Amcos.

197 1672 367 1712 Horrida
382 1675 591 1724 tempestas
610 1672 755 1712 caelum
773 1673 963 1711 contraxit
982 1675 1022 1711 et
1039 1673 1179 1711 imbres

249 1726 444 1778 Nivesque
462 1726 656 1765 deducunt
675 1726 699 1764 J
704 1740 836 1774 ovem3
863 1740 964 1765 nunc
982 1740 1097 1773 mare,
1116 1741 1218 1765 nunc
1237 1726 1352 1764 silvae

197 1780 371 1820 Threicio
388 1779 578 1831 Aquilone
596 1782 753 1818 sonant:
781 1780 982 1830 rapiamus,
1001 1780 1123 1827 amici,

249 1827 494 1872 Occasionem
511 1833 558 1872 de
576 1833 647 1880 die,
666 1833 832 1884 dumque
848 1834 975 1872 virent
993 1847 1118 1884 genua

198 1887 254 1926 Et
271 1887 392 1935 decet,
409 1887 576 1926 obducta
593 1887 763 1925 solvatur
781 1887 906 1925 fronte
925 1890 1110 1926 senectus.

250 1940 312 1979 Tu
327 1940 418 1979 vina
434 1940 630 1992 Torquata
645 1954 756 1979 move
774 1940 926 1979 consule
943 1954 1071 1992 pressa
1088 1955 1183 1979 meo.

197 1993 335 2033 Cetera
349 1994 464 2033 mitte
481 1994 607 2045 loqui:
635 1994 727 2033 deus
745 1994 837 2033 haec
855 1995 1016 2033 fortasse
1033 1995 1199 2045 benigna

251 2047 424 2086 Reducet
441 2047 482 2086 in
500 2047 627 2086 sedem
644 2047 738 2086 vice.
792 2048 908 2086 Nunc
927 2050 967 2086 et
985 2048 1240 2087 Achaemenio

199 2101 382 2139 Perfundi
398 2101 517 2140 nardo
529 2101 641 2153 juvat
659 2103 699 2140 et
717 2101 791 2140 fide
810 2101 989 2153 Cyllenea
1004 2108 1006 2111 ’

250 2154 394 2193 Levare
411 2154 502 2193 diris
517 2157 674 2206 Pectora
691 2155 1028 2202 sollicitudinibus3

199 2207 350 2246 Nobilis
367 2210 413 2246 ut
431 2208 567 2260 grandi
584 2208 720 2247 cecinit
739 2207 951 2247 Centaurus
970 2209 1145 2248 alumno:

254 2261 416 2308 Invicte,
434 2261 606 2300 mortalis
624 2262 694 2300 dea
710 2264 801 2300 nate
818 2275 912 2313 puer
930 2262 1105 2308 Thetide,

199 2315 254 2353 Te
271 2317 402 2353 manet
419 2315 594 2354 Assaraci
609 2315 735 2362 tellus,
753 2329 868 2366 quam
884 2315 1023 2366 frigida
1039 2315 1146 2366 parvi

253 2367 427 2406 Findunt
446 2368 666 2407 Scamandri
682 2368 840 2407 flumina
856 2369 1022 2407 lubricus
1041 2371 1081 2407 et
1100 2369 1248 2414 Simois,

199 2421 313 2460 Unde
329 2421 404 2460 tibi
420 2421 588 2460 reditum
605 2424 710 2460 certo
728 2422 942 2461 subtemine
961 2422 1101 2461 Pamcae

252 2474 416 2526 Rupere,
434 2488 503 2514 nec
520 2478 643 2514 mater
661 2475 818 2514 domum
835 2475 983 2514 caerula
999 2479 1040 2514 te
1058 2475 1223 2514 revehet.

200 2528 286 2567 Illic
304 2541 416 2566 omne
433 2528 578 2567 malum
595 2528 685 2567 vino
703 2531 892 2580 cantuque
909 2529 1046 2576 levato,

253 2581 445 2620 Deformis
463 2582 714 2634 aegrimoniae
732 2582 903 2622 dulcibus
922 2582 1105 2634 alloquiis.
