1670 2736
691 1488 849 1526 SATIRA
866 1487 901 1525 I.

215 1583 327 1630 Sunt,
346 1583 483 1634 quibus
500 1583 542 1622 in
560 1584 677 1623 satira
692 1585 823 1624 videor
839 1585 954 1624 nimis
973 1599 1057 1625 acer
1074 1589 1114 1625 et
1132 1587 1234 1625 ultra

214 1636 360 1688 Legem
376 1637 532 1676 tendere
550 1650 667 1688 opus3
695 1638 776 1677 sine
793 1639 920 1677 nervis
938 1639 1069 1687 altera,
1089 1641 1273 1691 quidquid

213 1689 430 1741 Oomposui,
449 1703 536 1741 pars
555 1704 636 1730 esse
653 1693 767 1742 putat
786 1692 999 1744 similesque
1016 1706 1190 1732 meorum

213 1742 326 1782 Mille
343 1743 404 1782 die
421 1756 552 1782 versus
571 1744 706 1783 deduci
722 1758 843 1797 posse.
898 1746 1067 1794 Trebati,

213 1796 315 1844 Quid
332 1796 480 1845 f'aciam,
497 1798 719 1848 praescribe.
762 1799 951 1846 Quiescas.
993 1801 1056 1839 Ne
1074 1800 1221 1850 faciam,
1240 1802 1377 1853 inquis,

213 1849 380 1889 Omnino
399 1850 562 1890 versus?
590 1851 677 1891 Aio.
733 1852 892 1891 Peream
909 1853 1018 1902 male,
1037 1854 1071 1892 si
1088 1867 1166 1893 non

212 1903 414 1954 Optimum
432 1906 535 1943 erat:
558 1907 1086 1959 Q
1109 1908 1185 1946 Ter
1201 1909 1310 1948 uncti

212 1956 454 1996 Transnanto
472 1958 653 2008 Tiberim,
672 1972 806 1998 somno
824 1960 961 2011 quibus
979 1963 1039 2000 est
1057 1975 1151 2013 opus
1170 1962 1262 2011 alto,

212 2009 482 2062 Irriguumque
499 2025 603 2051 mero
622 2013 693 2052 sub
711 2016 865 2052 noctem
882 2028 1018 2066 corpus
1034 2015 1215 2054 habento.

211 2063 307 2110 Aut,
326 2064 359 2102 si
374 2067 509 2103 tantus
527 2079 634 2104 amor
651 2067 839 2106 scribendi
855 2069 896 2107 te
914 2069 1026 2119 rapit,
1045 2069 1140 2107 aude
1244 2072 1255 2079 ”

211 2116 380 2156 Caesaris
398 2118 534 2157 invicti
551 2132 610 2158 res
629 2120 763 2168 dicere,
782 2121 906 2160 multa
923 2122 1097 2161 laborum

212 2169 388 2210 Praemia
406 2171 564 2211 laturus.
620 2172 824 2225 Cupidum,
842 2177 951 2227 pater
969 2176 1124 2226 optime,
1142 2175 1241 2215 vires

212 2223 410 2263 Deficiunt
425 2242 434 2263 :
462 2239 583 2277 neque
601 2227 704 2265 enim
722 2228 845 2279 quivis
863 2229 1058 2268 horrentia
1075 2230 1162 2280 pilis

210 2277 379 2328 Agmina
394 2291 464 2317 nec
481 2279 603 2318 fracta
619 2283 819 2331 pereuntes
837 2282 991 2334 cuspide
1009 2283 1140 2322 Gallos

211 2330 295 2368 Aut
312 2330 476 2371 labentis
494 2346 591 2384 equo
609 2334 797 2374 describat
814 2336 972 2375 vulnera
989 2336 1138 2375 Parthi.

208 2383 396 2423 Attamen
413 2387 453 2424 et
464 2386 616 2437 justum
632 2390 783 2438 poteras
801 2391 841 2428 et
859 2390 1020 2429 scribere
1038 2390 1189 2437 fortem,

209 2436 423 2488 Scipiadam
439 2441 486 2478 ut
503 2440 650 2491 sapiens
668 2441 850 2481 Lucilius.
905 2443 1025 2481 Haud
1042 2444 1139 2482 mihi
1156 2443 1278 2492 dcem,

209 2489 309 2528 Cum
325 2504 385 2530 res
403 2491 485 2543 ipsa
500 2493 608 2532 feret.
662 2494 752 2534 Nisi
770 2496 903 2535 dextro
921 2498 1103 2548 tempore,
1123 2497 1252 2536 Flacci

207 2542 333 2582 Verba
349 2558 416 2595 per
433 2547 625 2586 attentam
641 2561 719 2587 non
736 2548 849 2588 ibunt
868 2549 1037 2589 Caesaris
1056 2564 1197 2599 aurem,

208 2595 281 2635 Oui
297 2597 396 2637 male
413 2598 446 2637 si
462 2600 624 2652 palpere,
640 2602 856 2642 recalcitrat
872 2604 1039 2655 undique
1055 2606 1178 2643 tutus.
