1670 2736
288 134 366 171 226
620 126 622 128 ’
732 139 910 168 nomem
929 137 1114 166 snm.

343 237 472 284 Error,
491 236 556 275 sed
573 235 685 274 variis
702 235 828 274 illudit
845 234 1037 285 partibus;
1062 232 1135 271 hoc
1151 234 1192 271 te

345 290 464 328 Crede
480 289 593 327 modo
611 289 797 335 insanum,
815 287 934 325 nihilo
951 289 997 324 ut
1015 285 1218 336 sapientior
1235 284 1311 332 ille,

344 343 418 390 Qui
435 345 476 381 te
494 342 649 388 deridet,
668 342 825 379 caudam
841 340 982 378 trahat.
1036 339 1111 376 Est
1128 351 1247 390 genus
1264 351 1385 376 unum

343 395 537 434 Stultitiae
554 395 717 432 nihilum
733 393 937 431 metuenda
953 392 1137 439 timentis,
1155 393 1200 429 ut
1217 390 1337 442 ignes,

344 449 402 487 Ut
420 462 531 499 rupes
549 448 756 498 fluviosque
773 446 814 484 in
832 458 963 496 campo
982 445 1130 483 obstare
1147 445 1348 495 queratur3

344 502 522 539 Alterum
540 503 579 539 et
597 501 686 538 huic
703 512 837 537 varum
854 501 894 536 et
911 497 1029 536 nihilo
1047 496 1251 547 sapientius
1268 496 1375 547 ignes

345 555 420 592 Per
436 554 578 592 medios
596 553 802 603 fluviosque
819 551 1012 597 ruentius;
1040 550 1176 588 clamet
1195 549 1315 587 amica

347 608 488 654 Mater,
505 607 665 645 honesta
683 619 786 644 soror
804 618 890 643 cum
908 603 1089 654 cognatis,
1107 604 1226 653 pater,
1243 615 1357 639 uxor:

349 664 370 681 “
383 660 461 698 Hic
478 660 578 698 fossa
595 661 653 697 est
670 658 824 709 ingens!
851 657 914 695 hic
931 669 1041 706 rupes
1058 655 1241 693 maxima!
1269 667 1375 693 serva
1386 653 1422 692 !’'

348 714 441 751 Non
458 712 578 763 magis
598 712 757 750 audierit
776 724 888 761 quam
906 709 1038 747 Fufius
1056 708 1179 747 ebrius
1198 707 1300 754 olim,

350 766 448 804 Cum
466 765 630 803 Ilionam
648 764 820 811 edormit,
840 762 1005 800 Catienis
1023 761 1126 799 mille
1144 760 1327 807 ducentis,
1345 802 1348 805 ,

350 823 371 839 “
768 817 791 833 ”
812 815 1071 854 clamantibus.
1125 813 1229 851 Huic
1247 826 1317 864 ego
1334 811 1470 863 vulgus

349 872 481 910 Errori
499 871 659 910 similem
678 871 857 908 cunctum
873 868 1034 906 insanire
1053 867 1203 905 docebo.

349 925 499 963 Insanit
516 927 661 962 veteres
679 925 824 961 statuas
842 921 1093 971 Damasippus
1111 919 1289 958 emendo:

349 978 506 1028 Integer
524 980 582 1015 est
600 977 738 1014 mentis
756 974 976 1024 Damasippi
994 973 1165 1011 creditor.
1219 971 1338 1009 Esto!

350 1031 522 1081 “Accipe
540 1030 640 1081 quod
658 1041 850 1079 nimquam
866 1027 998 1065 reddas
1015 1025 1148 1073 mihi‚”
1170 1025 1202 1062 si
1218 1024 1291 1062 tibi
1309 1023 1442 1070 dicam,

350 1085 458 1122 Tune
475 1083 627 1121 insanus
646 1083 729 1129 eris,
748 1082 780 1119 si
798 1078 1010 1131 acceperis?
1038 1092 1086 1116 an
1103 1077 1223 1128 magis
1242 1089 1369 1115 excors
1439 1110 1441 1112 .

349 1137 507 1188 Rejecta
523 1136 669 1187 praeda,
689 1147 801 1185 quam
818 1146 989 1184 praesens
1008 1131 1218 1169 Mercurius
1235 1129 1341 1167 fert?

350 1190 477 1228 Scribe
496 1190 623 1227 decem
642 1202 664 1226 a
681 1187 820 1233 Neri03
847 1200 924 1224 non
942 1187 999 1223 est
1018 1184 1130 1222 satis:
1159 1183 1252 1221 adde
1271 1182 1425 1220 Cicutae

349 1242 497 1281 Nodosi
513 1242 662 1280 tabulas
681 1242 850 1286 centum,
866 1239 968 1276 mille
986 1237 1080 1275 adde
1098 1238 1268 1275 catenas:
1404 1273 1406 1275 ,

350 1295 521 1346 Effugiet
538 1297 668 1332 tamen
686 1294 777 1331 haec
795 1292 994 1330 sceleratus
1012 1289 1163 1327 vincula
1180 1288 1352 1326 Proteus.

350 1348 449 1386 Cum
466 1348 585 1398 rapies
602 1347 643 1384 in
655 1346 718 1397 jus
736 1345 844 1383 malis
861 1344 1047 1381 ridentem
1066 1341 1205 1388 alienis,

350 1401 438 1439 Fiet
457 1414 554 1451 aper,
573 1400 684 1437 modo
703 1398 793 1445 avis,
811 1397 922 1435 modo
940 1409 1072 1434 saxum
1090 1397 1140 1441 et,
1159 1406 1246 1431 cum
1262 1393 1377 1438 volet,
1396 1391 1514 1429 arbor.

351 1455 391 1491 Si
408 1454 506 1491 male
523 1466 603 1491 rem
622 1465 748 1503 gerere
766 1450 888 1488 insani
906 1451 975 1496 est,
994 1450 1126 1486 contra
1141 1447 1246 1492 bene,
1265 1445 1357 1491 sani,

350 1507 527 1545 Putidius
545 1505 668 1543 multo
686 1504 878 1542 cerebrum
895 1504 964 1549 est,
982 1500 1077 1538 mibi
1095 1500 1213 1546 crede,
1232 1497 1374 1545 Perilli,

351 1559 556 1606 Dictantis,
575 1558 675 1609 quod
691 1559 739 1595 tu
755 1568 948 1606 nunquam
964 1553 1162 1591 rescribere
1179 1551 1309 1602 possis.

404 1613 546 1650 Audire
565 1614 677 1661 atque
694 1613 827 1660 togam
839 1608 953 1659 jubeo
971 1618 1201 1656 componere,
1220 1603 1386 1654 quisquis

352 1665 571 1703 Ambitione
588 1664 688 1702 mala
705 1665 772 1700 aut
790 1660 938 1712 argenti
954 1659 1070 1710 pallet
1089 1670 1224 1704 amore,

352 1718 527 1769 Quisquis
545 1717 692 1755 luxuria
707 1715 856 1753 tristive
874 1711 1138 1763 superstitione

352 1773 433 1809 Aut
452 1771 524 1809 alio
541 1770 680 1808 mentis
698 1768 828 1806 morbo
847 1766 944 1804 calet
960 1782 968 1812 ;
994 1765 1069 1802 huc
1086 1763 1238 1814 propius
1255 1775 1330 1808 me,

352 1825 458 1862 Dum
476 1824 589 1862 doceo
606 1821 767 1860 insanire
786 1833 925 1865 omnes,
944 1832 1010 1855 vos
1029 1817 1156 1855 ordine
1174 1815 1287 1853 adite.

405 1877 542 1915 Danda
560 1878 618 1914 est
635 1873 815 1913 hellebori
831 1872 954 1910 multo
971 1883 1056 1921 pars
1074 1869 1237 1906 maxima
1254 1866 1372 1904 avaris
1386 1883 1395 1912 ;

352 1930 491 1968 Nescio
510 1943 558 1967 an
576 1928 800 1978 Anticyram
818 1925 914 1963 ratio
932 1924 1007 1961 illis
1026 1922 1190 1960 destinet
1209 1933 1369 1958 omnem.

353 1983 522 2021 Heredes
542 1981 689 2019 Staberi
707 1991 894 2018 summam
911 1976 1072 2014 incidere
1091 1973 1279 2024 sepulcro:

352 2036 408 2073 Ni
426 2035 478 2073 sic
496 2035 681 2079 fecissent,
700 2031 952 2084 gladiatorum
970 2029 1056 2066 dare
1075 2028 1228 2065 centum

353 2088 537 2126 Danmati
554 2086 691 2137 populo
709 2085 812 2136 paria
830 2086 942 2133 atque
961 2081 1112 2131 epulum
1130 2078 1284 2117 arbitrio
1303 2077 1402 2122 Arri,

354 2140 554 2178 Frumenti
572 2141 756 2189 quantum
773 2136 885 2174 metit
903 2134 1042 2172 Africa.
1097 2132 1182 2169 Sive
1200 2144 1270 2181 ego
1287 2142 1411 2181 prave,

354 2195 429 2232 Seu
446 2195 558 2240 recte,
576 2193 648 2230 hoc
667 2190 792 2236 volui;
820 2202 867 2226 ne
886 2188 935 2225 sis
953 2189 1110 2237 patruus
1128 2184 1234 2222 mihi.
1290 2182 1409 2220 Credo

353 2247 441 2284 Hoc
460 2245 607 2283 Staberi
624 2244 849 2294 prudentem
867 2240 1034 2278 animum
1050 2238 1198 2275 vidisse.
1253 2235 1353 2282 Quid
1370 2247 1457 2284 ergo

354 2299 490 2345 Sensit,
510 2312 596 2336 cum
615 2309 801 2334 summam
818 2292 1021 2344 patrimoni
1038 2290 1243 2340 insculpere
1262 2301 1350 2326 saxo

354 2352 523 2390 Heredes
541 2349 693 2388 voluit?
721 2347 854 2395 Quoad
870 2346 977 2391 vixit,
996 2343 1153 2382 credidit
1170 2343 1303 2392 ingens

354 2405 577 2455 Pauperiem
594 2403 731 2441 vitium
749 2403 788 2439 et
807 2400 906 2438 cavit
923 2397 1019 2436 nihil
1036 2397 1166 2442 acrius,
1184 2397 1241 2440 ut,
1260 2394 1292 2431 si

354 2458 472 2495 Forte
489 2458 613 2495 minus
630 2454 792 2505 locuples
809 2466 884 2490 uno
903 2451 1108 2502 quadrante
1125 2447 1292 2498 perisset,

355 2511 443 2560 Ipse
461 2510 651 2547 videretur
669 2507 741 2546 sibi
758 2505 934 2555 nequior:
963 2502 1085 2541 omnis
1103 2501 1203 2539 enim
1220 2513 1291 2544 res,

354 2563 498 2609 Virtus,
516 2563 627 2608 fama,
646 2561 769 2605 decus,
788 2558 914 2596 divina
930 2557 1167 2604 humanaque
1184 2551 1350 2603 pulchris

355 2615 510 2654 Divitiis
528 2616 683 2665 parent3
711 2626 802 2663 quas
821 2611 886 2662 qui
905 2607 1166 2654 construxerit,
1184 2605 1247 2642 ille
