1670 2736
623 125 709 155 m.
726 126 758 155 1.
775 126 906 156 metr.
923 127 964 155 X.

362 1347 572 1387 Emerou
598 1347 770 1386 X.—AJ›
798 1347 977 1386 Fuscum
1004 1348 1233 1386 Ams'rmu.

212 1445 329 1484 Urbis
346 1448 557 1485 amatorem
574 1446 745 1485 Fuscum
763 1446 905 1485 salvere
917 1446 1097 1498 jubemus

213 1498 331 1538 Ruris
349 1502 548 1547 amatores,
565 1499 638 1538 hae
655 1499 697 1538 in
714 1513 755 1538 re
773 1500 917 1539 seilicet
934 1514 1012 1538 una

213 1552 390 1591 Multum
406 1552 617 1600 dissimiles,
635 1555 677 1591 at
695 1555 821 1591 cetera
836 1566 955 1604 paene
973 1553 1137 1605 gemelli,

214 1606 410 1644 Fraternis
427 1606 564 1645 animis
581 1606 766 1658 quidquid
782 1608 899 1658 negat
917 1607 1013 1645 alter
1030 1609 1070 1645 et
1088 1607 1195 1654 alter,

214 1659 433 1698 Annuimus
449 1659 592 1711 pariter
608 1659 730 1698 vetuli
746 1660 905 1711 notique
923 1660 1102 1699 columbi.

215 1713 278 1752 Tu
293 1713 428 1751 nidum
446 1726 593 1761 servas3
620 1726 691 1765 ego
708 1713 822 1752 laudo
839 1713 938 1752 run's
956 1714 1105 1752 amoeni

214 1766 336 1805 Rivos
353 1769 394 1805 et
410 1779 542 1806 museo
560 1766 774 1806 circumlita
791 1780 880 1805 saxa
895 1781 1116 1819 nemusque.

215 1819 317 1868 Quid
334 1820 481 1872 quaeris
497 1820 516 1860 P
543 1820 643 1859 Vivo
661 1822 701 1859 et
718 1834 848 1872 regno,
867 1821 982 1859 simul
998 1820 1075 1860 ista
1091 1820 1238 1872 reliqui,

216 1873 321 1921 Quae
337 1887 406 1912 vos
423 1873 473 1912 ad
489 1874 636 1912 eaelum
651 1874 761 1913 fertis
777 1887 929 1913 rumore
947 1875 1132 1913 secundo:

215 1926 348 1978 thue
365 1927 569 1966 swerdotis
587 1927 775 1979 fiagitivus
790 1927 870 1966 liba
885 1941 1017 1967 recuso
1031 1945 1040 1976 ;

215 1980 321 2019 Pane
338 1994 431 2032 egeo
443 1981 699 2033 jam‘mellitis
715 1981 864 2033 potiore
880 1981 1078 2033 plaoentis.

269 2034 408 2073 Vivere
425 2037 584 2074 naturae
602 2035 635 2073 si
652 2035 921 2074 convenienter
939 2037 1103 2087 oportet,

216 2087 492 2140 Ponendaeque
510 2088 624 2127 domo
642 2088 855 2140 quaerenda
872 2090 932 2127 est
950 2102 1036 2128 area
1051 2089 1230 2140 primum,

215 2141 421 2180 Novistine
437 2141 565 2181 locum
581 2142 771 2193 potiorem
788 2155 875 2180 rure
892 2142 1038 2182 beato?

217 2195 293 2233 Est
310 2195 377 2234 ubi
393 2195 479 2246 plus
495 2197 653 2247 tepeant
670 2195 826 2243 hiemes,
843 2195 911 2235 ubi
928 2196 1075 2248 gratior
1092 2209 1183 2234 aura.

216 2247 356 2287 Leniat
374 2252 414 2286 et
431 2248 574 2288 rabiem
591 2248 706 2288 Oanis
724 2251 764 2288 et
780 2251 977 2288 momenta
994 2249 1146 2297 Leonis,

218 2301 318 2339 Cum
335 2302 452 2340 semel
469 2302 614 2354 accepit
632 2302 759 2342 Solem
775 2302 1002 2341 furibundus
1020 2279 1209 2341 aoutuin?

218 2354 295 2393 Est
312 2355 379 2393 ubi
396 2354 551 2394 divellat
569 2369 721 2395 somnos
738 2355 866 2394 minus
881 2355 1013 2395 invida
1030 2369 1121 2395 cura
1133 2355 1152 2394 P

219 2407 399 2446 Deterius
418 2407 573 2460 Libyeis
591 2409 669 2448 olet
687 2411 755 2448 aut
772 2409 873 2448 nitet
890 2409 1009 2448 herba
1026 2409 1088 2461 lap
1088 2409 1163 2447 11113
1177 2408 1196 2448 ?

220 2460 385 2499 Purior
373 2475 415 2499 111
431 2461 526 2501 vicis
543 2476 641 2514 aqua
657 2462 784 2502 tendit
802 2476 976 2514 rumpere
993 2463 1205 2514 plumbum,

1353 112 1431 156 26¹7

220 2514 344 2561 Quam
362 2528 457 2576 quae
474 2528 541 2567 per
557 2529 721 2567 pronum
737 2516 905 2567 trepidat
923 2530 1012 2555 cum
1028 2529 1223 2554 murmure
1240 2516 1398 2555 rivum?

220 2567 372 2619 Nempe
388 2567 490 2607 inter
506 2569 628 2608 131133
646 2569 819 2608 nutritur
835 2569 931 2608 silva
947 2570 1140 2608 columnas

220 2620 491 2673 Laudaturque
509 2622 655 2671 domus,
672 2623 807 2674 longos
825 2636 921 2674 quae
937 2623 1121 2674 prospicit
1138 2635 1261 2674 agros.
