1670 2736
276 125 351 162 194
716 137 893 164 HonArn
914 137 1097 164 3111111111).

274 230 352 268 Η16
370 232 576 281 nuptarum
592 231 733 274 insanit
751 232 950 278 amoribus,
969 232 1031 270 hic
1048 246 1270 282 puerorum3

274 283 391 321 Hunc
410 284 510 334 capit
528 284 676 335 argenti
694 284 887 334 splend0r3
907 287 1035 335 stupet
1052 285 1187 323 Albius
1205 299 1309 332 aere3

276 336 354 374 Hie
373 339 500 374 mutat
517 350 659 375 merces
678 339 856 388 surgente
874 351 897 375 a
914 338 990 376 sole
1008 337 1057 375 ad
1074 351 1172 385 611111,
1191 352 1264 389 quo

274 389 499 439 Vespertina
515 392 621 440 tepet
637 390 763 440 regio3
782 391 873 441 quin
890 404 957 441 per
973 391 1072 428 mala
1089 405 1262 442 praeceps

275 441 425 489 Fertur,
443 443 503 480 uti
520 443 642 493 pulvis
662 443 839 481 collectus
856 443 1020 490 turbine,
1038 457 1085 482 ne
1104 444 1194 494 quid

275 495 431 533 Summa
448 496 626 546 deperdat
644 498 816 533 metuens
835 498 901 534 aut
920 496 1074 546 ampliet
1091 499 1137 534 ut
1150 510 1241 534 rem.

275 548 415 586 Omnes
434 548 475 585 hi
492 550 671 586 metuunt
688 562 823 595 verses,
842 549 951 586 odere
968 551 1112 599 poetas.

275 601 447 638 Foenum
464 601 580 639 habet
597 601 637 639 in
656 615 793 648 cornu;
811 602 922 652 longe
939 602 1028 652 fuge
1044 619 1052 639 ι
1073 602 1277 640 dummodo
1295 603 1414 640 risum

274 654 458 692 Excutiat
477 654 559 701 sibi,
579 668 657 692 non
675 654 737 692 hic
757 655 931 705 cuiquam
949 657 1078 705 parcet
1097 655 1216 693 amico

274 707 340 753 Et,
360 707 606 758 quodcunque
625 708 740 745 semel
757 707 897 745 chartis
914 708 1086 754 illeverit,
1105 721 1233 746 01111163

275 759 424 797 Gestiet
442 774 464 798 a
482 761 591 798 furno
609 760 808 798 redeuntes
828 762 921 799 scire
938 761 1095 811 lacuque

274 812 329 850 Et
348 826 482 863 pueros
501 815 540 851 et
558 827 662 851 anus.
717 814 905 864 Agedum,
923 827 1042 864 pauca
1059 813 1183 864 accipe
1202 816 1343 851 contra.

273 865 445 903 Primum
464 879 534 917 ego
552 879 613 904 me
630 866 791 913 illorum,
811 867 976 904 dederim
994 866 1128 917 quibus
1147 880 1226 904 esse
1243 867 1379 917 poetis,

273 918 483 969 Excerpam
500 932 677 957 numero:
696 933 816 969 neque
834 920 935 957 enim
953 919 1171 957 concludere
1188 932 1340 957 versum

273 971 422 1009 Dixeris
441 986 520 1010 6336
538 972 651 1019 331113;
669 986 790 1023 neque
809 972 840 1009 si
858 972 923 1023 qui
941 972 1079 1010 scribat
1097 973 1156 1010 uti
1173 986 1242 1010 nos

273 1024 443 1062 Sermoni
460 1025 643 1075 propiora,
660 1027 770 1075 putes
788 1025 889 1063 hunc
908 1038 988 1063 esse
1007 1027 1171 1075 poetam.

272 1077 477 1128 Ingenium
495 1078 555 1115 cui
573 1078 634 1125 sit,
654 1078 714 1116 cui
730 1091 836 1115 mens
855 1078 1015 1116 divinior
1032 1080 1144 1128 atque
1162 1091 1203 1115 os

273 1130 418 1181 Magna
436 1133 667 1178 sonaturum,
687 1131 750 1169 des
768 1131 930 1169 nominis
948 1131 1060 1182 hujus
1078 1131 1271 1169 honorem.

272 1183 418 1222 Idcirco
437 1184 599 1234 quidam,
619 1184 809 1222 comoedia
824 1197 941 1222 necne
958 1187 1094 1234 poema

272 1236 398 1283 Esset,
417 1237 639 1287 quaesivere,
659 1237 758 1287 quod
776 1250 859 1274 acer
877 1236 1030 1287 spiritus
1049 1250 1091 1274 ac
1109 1236 1166 1274 vis

270 1289 354 1327 Nec
372 1289 493 1327 verbis
511 1303 579 1327 nec
597 1289 706 1327 rebus
724 1289 834 1336 inest,
852 1289 926 1327 nisi
943 1289 1043 1339 quod
1059 1289 1152 1339 pede
1171 1292 1273 1327 certo

271 1342 411 1380 Differt
430 1342 602 1389 sermoni,
622 1356 742 1380 sermo
760 1355 895 1380 merus.
949 1342 1005 1379 At
1022 1344 1129 1392 pater
1147 1342 1278 1379 ardens

272 1395 410 1442 Saevit,
429 1395 529 1446 quod
546 1395 741 1433 meretrice
758 1409 873 1445 nepos
890 1395 1043 1432 insanus
1062 1395 1181 1432 amica

272 1448 393 1485 Filius
411 1462 565 1486 uxorem
583 1448 717 1499 grandi
735 1461 821 1486 cum
839 1448 927 1485 dote
944 1449 1102 1494 recuset,

271 1501 410 1539 Ebrius
429 1503 479 1547 et,
497 1515 679 1552 magnum
697 1501 797 1551 quod
814 1501 984 1547 dedecus,
1003 1500 1170 1538 ambulet
1188 1502 1276 1537 ante

270 1554 438 1592 Noctem
456 1568 542 1592 cum
559 1554 712 1592 facibus.
767 1553 966 1604 Numquid
984 1553 1215 1603 Pomponius
1232 1553 1316 1590 istis

273 1607 436 1645 Audiret
453 1607 603 1653 leviora,
621 1609 729 1657 pater
748 1606 779 1644 si
797 1605 972 1644 viveret?
1000 1605 1106 1656 Ergo

271 1661 363 1698 Non
382 1660 472 1698 satis
491 1662 549 1698 est
567 1660 669 1710 puris
687 1673 838 1697 versum
855 1658 1080 1709 perscribere
1097 1658 1231 1704 verbis,

274 1714 395 1760 Quem
414 1713 445 1751 si
464 1713 656 1759 dissolvas,
676 1712 797 1763 quivis
816 1711 1074 1750 stomachetur
1092 1711 1223 1749 eodem

272 1767 355 1813 Quo
373 1768 593 1816 personatus
611 1768 723 1816 pacto
740 1767 858 1815 pater.
913 1764 1000 1810 His,
1020 1777 1090 1814 ego
1109 1777 1202 1814 quae
1220 1777 1331 1810 nunc,

273 1819 376 1856 Oh'm
395 1832 488 1869 quae
507 1818 657 1869 scripsit
676 1818 855 1865 Lucilius,
875 1817 1059 1868 eripiassi

272 1872 458 1922 Tempora
471 1874 573 1909 certa
586 1872 790 1921 modosque
801 1873 851 1916 et,
867 1870 967 1920 quod
979 1870 1082 1920 prius
1093 1870 1221 1907 ordine
1236 1869 1392 1907 verbum
1403 1871 1473 1915 6311,

272 1925 466 1963 Posterius
485 1925 609 1971 facias,
627 1937 856 1974 praeponens
875 1923 1011 1960 ultima
1028 1922 1170 1972 primis,

270 1978 373 2024 Non,
392 1980 436 2015 ut
456 1978 487 2015 si
506 1978 625 2015 solvas
645 1980 665 1996 ‘⁶
679 1977 888 2026 Postquam
906 1975 1103 2013 Discordia
1119 1977 1221 2012 tetra

270 2031 369 2068 Belli
386 2031 543 2068 ferratos
560 2031 686 2080 postes
703 2031 904 2079 portasque
921 2028 1113 2078 refregit?

271 2083 447 2121 Invenias
467 2083 582 2121 etiam
599 2082 746 2133 disjecti
763 2082 930 2120 membra
947 2083 1093 2131 poetae.

324 2137 522 2174 Hactenus
541 2136 653 2173 haec:
673 2135 774 2181 alias,
787 2135 935 2186 justum
955 2134 1005 2171 sit
1022 2147 1138 2171 necne
1155 2136 1302 2183 poema,

271 2191 386 2227 Nunc
404 2189 499 2227 illud
515 2191 668 2226 tantum
686 2201 872 2238 quaeram,
890 2187 1073 2225 meritone
1092 2186 1163 2224 tibi
1181 2186 1232 2223 sit

271 2243 495 2293 Suspectum
513 2255 631 2292 genus
649 2241 721 2278 hoc
740 2240 934 2278 scribendi.
990 2239 1135 2276 Sulcius
1154 2252 1238 2276 acer

271 2296 456 2333 Ambulat
476 2296 514 2332 611
534 2294 701 2344 Caprius,
719 2293 822 2331 rauci
835 2293 933 2330 male
952 2305 1111 2342 cumque
1128 2291 1274 2337 libellis,

271 2349 438 2399 Magnus
457 2349 613 2397 uterque
631 2347 747 2384 timor
764 2346 994 2392 latronibus;
1012 2347 1052 2382 at
1070 2345 1164 2383 bene
1183 2344 1214 2382 si
1233 2344 1315 2394 quis

270 2402 326 2439 Et
344 2402 448 2439 vivat
466 2400 568 2451 puris
586 2399 769 2445 manibus,
788 2399 1007 2436 contemnat
1024 2399 1238 2447 utrumque.

269 2455 328 2492 Ut
347 2455 396 2491 sis
414 2456 460 2491 tu
478 2453 608 2491 similis
628 2452 731 2490 Caeli
748 2452 921 2501 Birrique
938 2451 1140 2496 latronum,

269 2508 361 2545 Non
375 2520 444 2557 ego
464 2519 548 2544 sum
567 2505 679 2555 Capri
695 2518 815 2554 neque
834 2503 957 2541 Sulci:
977 2517 1043 2541 cur
1060 2505 1207 2541 metuas
1226 2501 1317 2539 me?

271 2560 391 2597 Nulla
407 2560 564 2598 taberna
581 2571 683 2596 meos
700 2558 838 2595 habeat
855 2569 975 2606 neque
992 2556 1068 2606 pila
1083 2555 1238 2601 libellos,

270 2613 362 2659 Quis
380 2626 513 2650 manus
530 2611 681 2650 insudet
698 2610 804 2661 vulgi
823 2609 1147 2659 Hermogenisque
1165 2606 1322 2658 Tigelli:
