1670 2736
247 110 325 147 184
691 118 869 146 nomm
887 118 1072 147 summ

303 215 367 252 An
383 212 539 264 vigilam
556 214 663 251 metu
680 213 900 262 exanimem,
918 216 1120 265 noctesque
1138 215 1292 267 diesque

305 266 524 305 Formidare
541 265 660 304 malos
677 266 788 314 fures,
806 266 988 314 incendia,
1007 281 1143 315 servos,

305 320 368 358 Ne
384 322 426 357 te
443 319 648 370 compilent
665 297 864 370 111810111305,
881 321 954 359 1100
966 320 1079 371 juvat
1091 320 1110 359 Ρ
1134 298 1291 359 ’Horum

307 374 460 423 Semper
478 385 547 423 ego
565 372 729 422 optarim
746 373 1003 423 pauperrimus
1021 386 1100 412 esse
1116 374 1313 412 bonorum.

359 426 415 463 At
434 425 466 462 si
483 424 676 463 condoluit
693 427 888 463 tentatum
905 426 1043 477 frigore
1061 439 1205 487 corpus,

306 479 388 516 Aut
406 478 501 516 alius
518 491 624 516 casus
641 478 740 516 lecto
757 480 798 516 te
815 479 946 527 affixit,
965 479 1080 517 habes
1098 480 1164 530 qui

306 531 495 578 Assideat,
512 531 681 569 fomenta
697 533 816 581 paret,
834 532 1023 570 medicum
1039 534 1161 583 roget,
1179 535 1225 571 1113
1243 535 1287 573 te

307 584 473 622 Suscitet
491 597 533 622 30
551 584 652 621 1131315
669 584 803 621 1·οᾶ(1313
821 585 989 635 carisque
1005 585 1256 636 propinquis?

306 638 398 675 Non
415 650 510 675 uxor
527 636 673 675 salvum
690 639 731 675 te
748 636 843 684 vult,
862 651 939 675 non
956 638 1078 685 filius;
1097 651 1227 677 omnes

307 690 433 728 Vicini
450 690 622 736 oderunt,
641 690 735 736 noti,
752 690 859 740 pueri
877 693 990 741 atque
1007 690 1162 741 puellae.

308 743 473 790 Miraris,
492 756 578 780 eum
595 745 642 780 tu
659 745 817 793 argento
834 745 921 793 post
939 743 1066 782 omnia
1081 757 1211 794 ponas,

308 797 349 834 Si
366 809 477 834 nemo
494 798 661 846 praestet
679 809 791 846 quem
808 810 884 834 non
902 796 1077 834 merearis
1095 810 1261 835 amorem
1273 797 1294 837 P

309 850 365 887 At
383 850 416 887 si
434 851 615 900 cognatos
632 848 736 886 nullo
753 851 890 887 natura
906 849 1032 887 labore

310 903 414 949 Quos
430 902 503 940 tibi
521 902 599 949 dat,
617 901 778 940 retinere
795 902 887 940 velis
906 915 1124 952 servareque
1141 903 1292 950 31111005,

310 955 449 993 Infelix
468 968 619 1006 operam
636 954 780 1005 perdas,
798 958 845 992 ut
863 955 894 993 si
913 955 995 1005 quis
1013 955 1170 993 asellum

310 1008 360 1046 In
379 1008 522 1059 Campo
541 1007 674 1046 doceat
690 1009 886 1058 parentem
904 1021 1050 1046 currere
1067 1008 1194 1046 frenis.

362 1061 535 1112 Denique
553 1060 604 1098 sit
621 1060 710 1098 finis
726 1060 939 1111 quaerendi,
957 1074 1117 1111 cumque
1133 1061 1272 1099 habeas
1288 1061 1388 1112 plus,

312 1114 538 1164 Pauperiem
556 1115 703 1152 metuas
721 1113 849 1151 minus
865 1115 905 1152 et
923 1113 1031 1152 finire
1048 1113 1215 1152 laborem

309 1167 487 1218 Incipias,
506 1168 616 1218 parto
635 1166 737 1216 quod
754 1166 899 1213 avebas,
916 1180 965 1204 ne
981 1166 1094 1204 facias
1112 1166 1213 1216 quod

310 1219 530 1258 Ummidius
544 1219 710 1270 quidam.
764 1219 857 1257 Non
873 1219 988 1270 longa
1006 1221 1064 1257 est
1081 1219 1228 1257 fabula:
1248 1219 1364 1267 dives,

310 1273 369 1311 Ut
386 1273 588 1311 metiretur
606 1285 793 1319 nummos,
811 1272 868 1310 ita
885 1272 1067 1319 sordidus,
1085 1273 1132 1310 ut
1150 1285 1191 1310 50

309 1326 401 1364 Νο11
419 1338 587 1376 unquam
605 1338 712 1364 servo
729 1324 863 1363 melius
880 1324 1050 1372 vestiret,
1068 1324 1116 1363 ad
1132 1323 1250 1375 usque

309 1379 538 1429 Supremum
555 1380 718 1427 tempus,
737 1390 784 1415 ne
803 1391 842 1415 50
859 1377 1016 1428 penuria
1031 1377 1158 1415 victus

310 1431 562 1482 Opprimeret,
581 1430 787 1468 metuebat.
841 1430 898 1468 At
915 1431 1017 1468 hunc
1035 1430 1172 1468 liberta
1189 1430 1309 1468 securi

310 1484 455 1522 Divisit
472 1483 651 1530 medium,
669 1483 876 1521 fortissima
894 1483 1208 1534 Tyndaridarum.

362 1537 464 1585 Quid
481 1537 535 1574 mi
552 1536 671 1587 igitur
689 1535 852 1575 suades?
880 1536 941 1573 Ut
956 1536 1083 1573 vivam
1103 1534 1311 1574 Maenius?
1339 1535 1421 1573 Aut
1440 1535 1493 1573 510

308 1590 367 1628 Ut
385 1588 683 1628 Nomentanus?
711 1588 845 1640 Pergis
861 1588 1074 1639 pugnantia
1091 1601 1219 1626 secum

309 1643 518 1682 Frontibus
537 1642 702 1680 adversis
719 1654 962 1692 componere:
981 1655 1059 1679 non
1076 1654 1159 1692 ego,
1177 1654 1333 1679 avamm

310 1696 408 1734 Cum
425 1698 515 1734 veto
531 1697 572 1733 te
590 1695 682 1742 fieri,
700 1708 862 1744 vappam
874 1694 989 1745 jubeo
1008 1707 1051 1732 30
1068 1693 1307 1732 nebulonem.

308 1750 384 1787 Est
400 1750 501 1787 inter
519 1748 664 1786 Tanain
682 1747 861 1798 quiddam
879 1760 1122 1797 socerumque
1138 1747 1282 1785 Viselli.

308 1803 384 1840 Est
401 1802 535 1840 modus
553 1801 594 1838 in
611 1801 733 1848 rebus,
753 1803 844 1838 sunt
862 1800 956 1838 certi
974 1799 1134 1850 denique
1150 1800 1256 1847 fines,

309 1856 412 1902 Quos
430 1855 531 1892 ultra
549 1854 716 1904 citraque
733 1853 866 1903 nequit
885 1852 1087 1891 consistere
1104 1854 1264 1890 rectum.

361 1908 470 1954 Illuc,
489 1907 589 1944 unde
607 1906 692 1952 abii,
711 1906 833 1952 redeo,
851 1919 963 1943 nemo
980 1908 1026 1943 ut
1044 1918 1178 1943 avarus

309 1961 357 1999 Se
374 1961 509 2011 probet
527 1973 570 1997 30
587 1959 715 2009 potius
732 1959 862 1996 laudet
880 1958 1026 1996 diversa
1044 1959 1253 2008 sequentes,

309 2013 492 2063 Quodque
510 2012 630 2050 aliena
648 2011 789 2062 capella
805 2013 914 2072 gerat
931 2011 1134 2048 distentius
1151 2011 1255 2058 uber,

308 2067 504 2112 Tabescat,
522 2078 642 2115 neque
661 2078 700 2102 50
718 2064 851 2115 majori
868 2064 1133 2114 pauperiorum

308 2119 457 2157 Turbae
474 2119 676 2168 comparet,
694 2117 796 2155 hunc
815 2119 928 2167 atque
945 2117 1047 2154 hunc
1065 2129 1238 2167 superare
1255 2116 1410 2154 laboret.

309 2172 370 2210 Sic
387 2171 583 2210 festinanti
601 2183 747 2220 semper
763 2170 984 2220 locupletior
1002 2170 1141 2216 obstat,

308 2225 378 2272 Ut,
397 2238 484 2262 011111
502 2223 709 2262 carceribus
726 2223 860 2261 missos
878 2222 978 2272 rapit
996 2222 1139 2273 ungula
1156 2235 1297 2269 currus,

309 2278 438 2316 Instat
457 2276 561 2327 equis
579 2276 709 2326 auriga
727 2289 814 2313 suos
830 2275 1079 2322 vincentibus,
1098 2275 1207 2312 illum

309 2331 564 2369 Praeteritum
581 2331 754 2367 temnens
774 2330 960 2366 extremos
978 2328 1078 2366 inter
1096 2330 1261 2365 euntem.

309 2384 406 2421 Inde
424 2383 482 2430 fit,
500 2384 545 2420 ut
563 2395 658 2428 raro,
677 2382 743 2432 qui
760 2395 799 2419 se
817 2381 953 2418 vixisse
970 2381 1126 2418 beatum

308 2437 425 2474 Dicat
442 2438 482 2474 et
500 2437 631 2473 exacto
650 2436 851 2472 contentus
870 2436 1040 2484 tempore
1057 2433 1140 2471 vita

310 2489 430 2528 Cedat
448 2488 508 2526 uti
526 2488 684 2526 conviva
701 2489 817 2533 satur,
835 2486 996 2536 reperire
1014 2498 1204 2536 queamus,

363 2542 391 2579 J
392 2555 454 2579 am
473 2541 565 2579 satis
583 2543 653 2578 est.
708 2540 770 2577 Ne
788 2552 849 2577 me
869 2539 1032 2589 Crispini
1050 2538 1186 2576 scrinia
1202 2537 1295 2587 lippi

309 2594 538 2645 Compilasse
555 2596 679 2643 putes,
696 2592 854 2630 verbum
870 2605 947 2629 non
965 2591 1124 2641 amplius
1143 2590 1289 2628 addam.
