1670 2736
577 125 662 152 IaIB.
681 124 740 152 IV.
759 122 887 151 cAmtt.
905 122 1003 151 'VIII-

371 221 473 270 Quas
490 222 558 260 aut
576 219 800 259 Parrhasius
816 218 979 270 protulit
997 219 1065 256 aut
1083 210 1233 268 scopas,

363 274 452 314 *Hic
469 287 570 321 saxo,
586 273 739 325 liquidis
756 272 820 311 ille
838 271 1024 311 coloribus

372 328 510 368 Sollers
526 341 628 366 nunc
645 326 841 365 hominem
856 338 1007 377 ponere,
1025 338 1127 363 nunc
1145 324 1270 362 deum.

371 382 447 420 Sed
463 394 542 420 non
559 381 652 419 haec
669 380 766 418 mihi
781 379 851 427 vis,
868 392 947 417 non
964 378 1038 417 tibi
1054 377 1194 416 talium

371 435 450 473 Res
468 437 527 473 est
545 436 613 473 aut
631 434 779 472 animus
797 432 1015 471 deliciarum
1032 444 1160 483 egens.

372 488 523 527 Gaudes
541 487 791 534 carminibus;
818 485 984 525 carmina
1002 497 1202 536 possumus

371 542 525 580 Donate
543 543 583 580 et
599 540 767 593 pretium
784 539 906 578 dicere
922 538 1083 577 muneri.

372 596 466 634 Non
482 594 600 633 incisa
616 594 720 633 notis
737 605 926 632 marmora
941 591 1113 643 publicis,

374 649 449 687 Per
466 661 561 700 quae
579 647 734 700 spiritus
752 649 792 685 et
809 646 892 685 vita
907 645 1007 684 redit
1024 645 1133 684 bonis

375 702 472 741 Post
489 704 654 740 mortem
671 700 841 748 ducibus,
859 712 938 738 non
955 698 1091 738 celeres
1109 699 1221 749 fugae

375 755 626 807 Rejectaeque
642 756 851 793 retrorsum
866 752 1096 791 Harmibalis
1113 752 1248 799 minae,

375 809 418 847 N
418 822 469 847 on
485 808 658 850 incendia
675 806 919 858 Carthaginis
935 805 1085 857 impiae,

375 862 484 914 Ejus,
502 861 567 913 qui
584 861 730 900 domita
745 873 885 899 nomen
903 860 951 898 ab
969 859 1102 898 Africa

377 915 566 954 Lucratus
584 914 709 961 rediit,
727 914 862 952 clarius
880 912 1050 951 indicant

379 968 527 1007 Laudes
545 981 659 1020 quam
677 967 857 1006 Calabrae
875 966 1065 1005 Pierides:
1093 979 1226 1016 neque,

379 1022 420 1060 Si
437 1022 590 1061 chartae
607 1021 743 1060 sileant
761 1020 864 1072 quod
879 1020 975 1058 bene
993 1019 1136 1066 feceris,

378 1075 597 1114 Mercedem
612 1074 757 1114 tuleris.
812 1073 913 1121 Quid
930 1074 1029 1111 foret
1047 1073 1142 1111 Iliae

379 1128 642 1179 Mavortisque
659 1142 764 1179 puer,
783 1127 816 1166 si
832 1126 1076 1165 taciturnitas

382 1183 562 1222 Obstaret
580 1182 726 1221 meritis
742 1181 873 1219 invida
890 1179 1079 1219 Romuli?

382 1237 571 1288 Ereptum
589 1235 736 1287 Stygiis
753 1234 933 1273 fluctibus
951 1234 1122 1271 Aeacum

379 1290 513 1328 Virtus
532 1292 572 1328 et
589 1289 695 1327 favor
713 1290 752 1327 et
769 1288 902 1339 lingua
919 1286 1135 1338 potentium

380 1343 527 1382 Vatum
544 1342 727 1381 divitibus
746 1344 941 1381 consecrat
958 1339 1104 1378 insulis.

381 1397 557 1449 Dignum
573 1396 684 1435 laude
701 1396 827 1434 virum
845 1394 962 1432 Musa
978 1396 1086 1432 vetat
1104 1392 1201 1430 mori
1218 1409 1226 1429 :

382 1450 496 1489 Caelo
514 1450 631 1488 Musa
646 1450 748 1488 beat.
803 1448 865 1487 Sic
883 1448 911 1486 J
914 1447 995 1486 ovis
1012 1447 1174 1485 interest

383 1503 537 1555 Optatis
555 1503 674 1554 epulis
691 1503 854 1554 impiger
871 1501 1071 1547 Hercules,

385 1557 539 1595 Clarum
557 1557 796 1608 Tyndaridae
814 1555 918 1593 sidus
937 1555 984 1593 ab
1002 1553 1143 1592 infimis

387 1611 549 1658 Quassas
567 1610 734 1661 eripiunt
752 1608 976 1660 aequoribus
994 1610 1107 1654 rates,

388 1665 555 1702 Ornatus
572 1663 685 1701 viridi
701 1665 874 1713 tempora
890 1660 1068 1713 pampino

388 1717 502 1756 Liber
519 1719 610 1755 vota
625 1717 744 1755 bonos
762 1715 868 1754 ducit
885 1715 934 1753 ad
951 1714 1087 1753 exitus.

1352 112 1429 150 139
