1670 2736
604 104 690 133 m.
708 105 746 133 I.v
759 105 887 134 cm.
905 107 983 134 xn.

369 200 468 242 Arte
484 202 657 240 materna
672 201 822 252 rapidos
840 204 1054 241 morantem

369 254 593 293 Fluminum
609 254 735 306 lapsus
753 255 962 307 celeresque
979 258 1125 304 ventos,

369 307 562 347 Blandum
579 309 619 347 et
637 308 779 347 auritas
796 309 934 348 fidibus
953 310 1098 349 canoris

527 361 676 400 Ducere
694 375 864 413 quercus.

369 481 471 530 Quid
487 481 591 533 prius
610 481 733 520 dicam
751 482 872 521 solitis
889 484 1056 535 parentis

369 535 575 583 Laudibus,
594 535 659 586 qui
676 549 735 574 res
752 536 952 575 hominum
970 550 1012 576 ac
1031 538 1198 585 deorum,

369 589 445 637 Qui
461 602 564 627 mare
582 602 625 627 ac
642 591 762 628 terras
780 590 966 642 variisque
983 591 1169 629 mundum

527 642 729 693 Temperat
747 643 882 683 horis?

369 764 482 803 Unde
499 763 555 803 nil
570 764 693 816 majus
710 768 914 816 generatur
930 766 1024 817 ipso,

368 818 452 857 Nec
468 817 574 870 viget
592 817 797 869 quidquam
815 819 936 858 simile
954 822 1021 858 aut
1039 821 1264 859 secundum:

369 871 567 910 Proximos
584 871 641 909 illi
657 873 787 910 tamen
805 873 1003 924 occupavit

525 924 649 963 Pallas
667 925 839 964 honores.

368 1035 525 1075 Proeliis
543 1036 666 1075 audax
682 1050 811 1098 neque·
821 1039 862 1076 te
880 1037 1008 1086 silebo,

367 1089 493 1137 Liber,
511 1091 551 1128 et
569 1090 688 1129 saevis
705 1090 859 1129 inimica
876 1091 995 1143 Virgo

368 1142 511 1191 Β311113,
528 1156 598 1182 nec
616 1145 668 1191 te,
686 1145 889 1183 metuende
906 1147 1010 1184 certa

524 1196 678 1236 Phoebe
696 1198 848 1249 sagitta.

366 1311 504 1351 Dicam
521 1314 562 1351 et
579 1312 740 1352 Alciden
757 1327 966 1365 puerosque
984 1314 1120 1361 Ledae,

367 1365 486 1404 Hunc
504 1366 621 1417 equis,
638 1366 749 1405 11111111
767 1381 939 1418 superare
957 1368 1094 1419 pugnis

366 1419 569 1467 Nobilem3
596 1433 757 1471 quorum
775 1420 889 1459 simul
906 1421 991 1460 alba
1007 1422 1134 1460 nautis

522 1472 641 1512 Stella
657 1474 815 1522 refulsit,

365 1589 512 1628 Defiuit
529 1591 628 1629 saxis
646 1591 814 1642 agitatus
832 1592 980 1639 humor,

365 1642 580 1682 concidunt
597 1644 703 1682 venti
720 1644 947 1706 fugiuntque
964 1645 1094 1693 nubes,

366 1696 422 1735 Et
439 1697 578 1744 minax,
597 1698 699 1748 quod
715 1698 768 1736 sic
786 1699 948 1747 voluere,
966 1702 1085 1750 ponto

521 1749 637 1789 Unda
652 1751 850 1790 recumbit.

364 1867 573 1907 Romulum
590 1871 677 1920 post
695 1868 765 1907 hos
783 1869 898 1920 prius,
918 1883 967 1908 an
985 1870 1156 1922 quietum

365 1921 531 1973 Pompili
547 1935 709 1974 regnum
726 1936 944 1972 memorem,
963 1937 1012 1962 an
1030 1925 1208 1975 superbos
1244 1951 1255 1959 ‚.

365 1975 548 2026 Tarquini
564 1976 694 2023 fasces,
712 1976 858 2025 dubito,
877 1990 926 2015 an
945 1977 1102 2016 Catonis

520 2029 659 2068 Nobile
676 2030 809 2068 letum.

364 2146 557 2198 Regulum
575 2149 615 2186 et
634 2147 792 2187 Scauros
811 2148 1031 2200 animaeque
1050 2163 1207 2200 111381133

363 2200 571 2252 Prodigum
589 2200 766 2239 Paullum
785 2205 984 2253 superante
1004 2203 1132 2241 Poeno

363 2253 506 2292 Gratus
523 2254 663 2306 insigni
681 2255 839 2293 referam
858 2255 1023 2294 Camena

520 2307 821 2359 Fabriciumque.

364 2424 481 2464 Hunc
499 2427 539 2464 et
555 2426 757 2477 incomptis
776 2426 934 2465 Curium
952 2427 1093 2477 capillis

364 2478 511 2517 Utilem
528 2479 626 2518 bello
644 2480 736 2518 tulit
754 2482 794 2518 et
813 2480 1017 2518 Camillum

363 2531 481 2570 Saeva
498 2535 697 2583 paupertas
715 2534 755 2571 et
773 2533 898 2571 avitus
917 2536 1006 2584 apto

520 2584 618 2623 Cum
635 2586 711 2624 lare
724 2586 874 2624 fundus.

766 2650 788 2677 C

1378 99 1428 137 1¹7
