1670 2736
281 30 296 38 J

607 105 709 133 1111.
728 105 779 133 11.
799 106 883 134 ΒΜ.
903 107 952 134 11.
1352 98 1429 137 223

214 201 276 240 Ac
291 201 388 240 mihi
405 213 472 240 seu
487 201 649 253 longum
665 203 753 253 post
770 203 922 262 tempus
940 204 1096 241 venerat
1113 202 1261 254 hospes,

216 254 304 294 Sive
321 268 479 306 operum
495 267 615 294 vacuo
632 257 766 306 gratus
784 255 944 294 conviva
960 268 1027 306 per
1044 255 1206 294 imbrem

214 307 386 355 Vicinus,
403 308 500 347 bene
517 310 599 347 erat
616 322 695 347 non
711 308 878 359 piscibus
896 309 989 347 urbe
1007 309 1152 360 petitis,

215 361 291 400 Sed
306 361 413 413 pullo
431 364 546 413 atque
562 362 706 408 haed03
733 363 820 400 tum
837 362 992 413 pensilis
1010 376 1085 401 uva
1102 363 1284 402 secundas

214 415 272 453 Et
290 428 370 453 nux
387 415 547 454 ornabat
563 428 712 454 mensas
731 429 818 453 cum
837 415 986 466 duplice
1004 416 1090 454 ficu.

215 468 312 507 Post
329 469 403 507 hoc
420 468 532 507 ludus
550 470 632 507 erat
651 468 762 519 eulpa
778 470 910 520 potare
927 469 1123 520 magistra,

214 523 274 560 Ac
291 523 471 560 venerata
489 521 612 570 Ceres,
630 522 687 560 ita
705 522 831 561 culmo
849 525 1021 574 surgeret
1039 523 1130 571 alto,

214 575 415 626 Explicuit
432 575 522 614 vino
540 577 756 614 contractae
775 576 871 614 seria
888 576 1037 614 frontis.

215 628 368 667 Saeviet
385 631 499 680 atque
516 642 635 667 novos
652 632 804 668 moveat
823 629 997 668 Fortuna
1013 630 1217 677 tumultus,

216 682 414 730 Quantum
423 682 514 721 hinc
527 682 729 721 imminuet
743 682 761 721 P
781 683 934 730 Quanto
945 686 1013 721 aut
1024 697 1095 735 ego
1109 684 1256 735 parcius
1272 686 1338 722 aut
1350 698 1429 731 VOS,

216 735 250 773 Ο
268 735 387 786 pueri,
404 735 587 782 nituistis,
604 738 651 774 ut
668 736 743 774 huc
760 750 882 774 novus
900 736 1024 775 incola
1040 737 1178 776 venit?

216 788 322 827 Nam
339 789 511 840 propriae
527 789 676 828 telluris
692 789 829 827 herum
846 792 984 828 natura
1000 804 1122 842 neque
1139 790 1250 829 illum

215 842 258 880 N
259 855 300 880 ee
318 855 380 881 me
397 856 466 881 nec
484 855 711 894 quemquam
729 843 890 881 statuit:
918 857 987 882 nos
1006 844 1152 895 expulit
1170 844 1256 892 ille3

216 895 335 934 Illum
352 898 420 934 aut
437 895 624 947 nequities
642 898 709 934 aut
726 896 823 934 vafri
840 896 991 935 inscitia
1003 897 1112 948 juris,

216 948 460 988 Postremum
477 949 638 1000 expellet
656 951 758 988 certe
775 950 941 988 vivacior
957 951 1077 989 heres.

217 1002 332 1041 Nune
351 1015 440 1054 ager
458 1002 645 1041 Umbreni
663 1003 734 1042 sub
751 1004 916 1051 nomine,
935 1018 1055 1055 nuper
1073 1005 1216 1043 Ofellae

218 1055 368 1103 Dictus,
386 1056 460 1094 erit
477 1056 575 1094 nulli
591 1056 776 1108 proprius,
795 1057 861 1095 sed
879 1058 1015 1096 cedet
1004 1072 1046 1096 111
1063 1072 1175 1096 usum

217 1108 334 1148 Nunc
350 1109 457 1157 mihi,
476 1123 577 1148 1111116
597 1110 671 1148 alii.
728 1110 911 1157 Quocirca
928 1111 1046 1150 vivite
1064 1112 1181 1150 fortes

219 1161 424 1214 Fortiaque
442 1163 607 1202 adversis
626 1164 805 1215 opponite
822 1167 976 1215 pectora
993 1165 1115 1204 rebus.
