1670 2736
575 122 661 151 m.
681 123 711 151 1.
729 123 860 152 11:12181.
878 123 957 152 vu.

187 217 258 258 Me
272 217 359 266 tibi,
376 218 411 257 si
426 231 561 258 coenas
578 218 692 258 hodie
709 232 871 258 mecum.
927 219 986 258 Ut
1003 219 1112 258 libet.
1167 219 1275 272 Ergo

188 271 286 311 Post
302 284 444 311 nonam
461 272 611 320 venies;
636 286 740 312 nunc
757 272 783 321 i,
801 286 883 312 rem
900 275 1077 311 strenuus
1096 287 1204 325 auge.

188 324 248 364 Ut
264 326 426 364 ventum
442 325 491 364 ad
508 339 665 365 coenam
682 328 753 373 est,
771 326 930 365 dicenda
945 326 1108 365 tacenda
1124 327 1274 366 locutus

190 378 363 418 Tandem
379 379 589 418 dormitum
606 379 829 418 dimittitur.
884 380 964 418 Hic
981 380 1049 419 ubi
1066 393 1176 432 saepe

192 431 398 472 Occultum
413 432 518 471 visus
535 433 730 472 decurrere
747 433 860 484 piscis
878 434 927 472 ad
943 433 1102 472 hamum

192 485 310 525 Mane
327 485 444 525 cliens
462 487 503 525 et
513 486 598 539 jam
615 488 741 525 certus
759 487 928 535 conviva,
942 487 1101 538 jubetur

190 539 298 578 Rura
315 540 531 579 suburbana
546 539 700 579 indictis
718 554 844 579 comes
861 540 916 579 ire
934 540 1095 579 Latinis.

190 592 401 644 Impositus
418 593 541 632 manis
559 607 693 632 arvum
710 594 929 646 caelumque
947 594 1131 633 Sabinum

191 646 285 685 Non
302 649 425 686 cessat
437 646 602 686 laudare.
656 647 775 686 Videt
793 647 967 699 ridetque
986 648 1200 700 Philippus,

190 699 259 747 Et,
277 699 351 739 sibi
367 700 461 739 dum
477 700 657 752 requiem,
675 700 768 739 dum
784 701 882 740 risus
900 701 1067 753 undique
1085 702 1243 754 quaerit,

190 753 299 791 Dum
315 755 464 805 septem
480 754 600 793 donat
617 754 802 802 sestertia,
820 756 957 794 mutua
975 757 1121 807 septem

191 806 406 856 Promittit,
422 807 624 859 persuadet
641 807 702 846 uti
718 810 908 846 mercetur
926 809 1103 860 agellum.

191 859 400 900 Mereatur.
453 861 517 900 Ne
533 864 575 900 te
592 861 717 913 longis
735 862 958 914 ambagibus
976 862 1080 901 ultra

192 913 317 961 Quam
333 914 426 953 satis
444 916 504 953 est
520 927 656 962 morer,
675 928 721 953 ex
738 915 862 954 nitido
880 916 927 954 fit
945 916 1110 955 rusticus
1129 919 1244 968 atque

191 966 322 1006 Sulcos
339 969 380 1006 et
396 967 527 1006 vineta
543 970 672 1019 crepat
689 981 815 1016 mera3
832 973 1030 1021 praeparat
1047 970 1183 1018 ulmos,

191 1020 415 1060 Immoritur
429 1020 569 1060 studiis
586 1024 627 1060 et
640 1035 766 1061 amore
785 1023 947 1062 senescit
964 1024 1140 1063 habendi.

191 1073 336 1113 Verum
351 1074 418 1113 ubi
431 1087 519 1113 oves
537 1075 652 1123 furto,
671 1076 804 1115 morbo
822 1076 964 1127 periere
981 1077 1156 1129 capellae,

191 1127 305 1179 Spem
320 1128 486 1169 mentita
501 1141 620 1180 seges,
638 1129 706 1168 bos
724 1131 784 1168 est
801 1132 956 1169 enectus
974 1131 1126 1178 arande,

192 1181 367 1220 Offensus
384 1181 533 1220 damnis
550 1182 675 1221 media
692 1183 739 1222 de
755 1185 869 1222 nocte
887 1184 1074 1223 caballum

189 1234 338 1286 Arripit
354 1235 548 1286 iratusque
566 1235 736 1287 Philippi
753 1237 880 1275 tendit
898 1238 946 1276 ad
964 1239 1084 1277 aedes.

1328 115 1406 153 265

189 1288 312 1336 Quem
328 1288 443 1327 simul
459 1289 632 1340 adspexit
650 1290 824 1328 scabrum
833 1290 1103 1343 intonsumque
1117 1290 1330 1342 Philippus,

188 1341 331 1389 Durus,
348 1342 415 1390 ait,
433 1342 577 1391 Vultei,
594 1343 708 1382 nimis
725 1345 972 1396 attentusque
989 1346 1127 1384 videris

187 1395 285 1434 Esse
302 1395 409 1434 mihi.
463 1395 538 1435 Pol
553 1409 615 1435 me
632 1396 824 1445 miserum,
841 1400 1012 1448 patrone,
1029 1413 1193 1447 vocareS‚

188 1449 231 1487 Si
246 1449 374 1497 velles,
391 1449 530 1501 inquit,
547 1463 681 1488 verum
697 1450 794 1489 mihi
810 1464 950 1502 ponere
966 1454 1127 1492 nomen!

189 1502 301 1550 Quod
317 1504 358 1541 te
374 1515 442 1554 per
459 1502 626 1542 Genium
643 1503 889 1555 dextramque
907 1506 1070 1557 deosque
1088 1507 1252 1547 Penates

190 1555 354 1594 Obsecro
372 1557 412 1594 et
430 1556 611 1604 obtestor,
629 1556 731 1595 vitae
749 1570 810 1596 me
827 1558 941 1597 redde
958 1560 1085 1610 priori.

243 1609 318 1657 Qui
335 1609 451 1648 semel
467 1609 651 1660 adspexit,
669 1612 858 1661 quantum
875 1611 1030 1651 dimissa
1045 1614 1177 1664 petitis

192 1662 406 1710 Praestent,
423 1665 573 1702 mature
590 1662 720 1702 redeat
738 1666 959 1716 repetatque
977 1666 1120 1706 relicta.

190 1715 325 1755 Metiri
342 1729 382 1755 se
399 1729 586 1768 quemque
604 1730 672 1755 suo
690 1717 844 1756 modulo
862 1732 905 1757 ac
923 1720 1017 1770 pede
1034 1734 1164 1759 verum
1185 1724 1255 1760 est.
