1670 2736
241 99 317 136 298
597 148 599 150 -
658 108 834 136 1101111111
853 109 1085 137 1115101111.

294 203 447 241 Talibus
465 203 593 241 officiis
611 217 725 254 prope
742 217 930 249 mancum,
947 217 995 242 110
1012 218 1096 242 mea
1112 218 1241 243 saevus

294 255 322 292 J
323 269 474 306 urgares
494 256 541 293 ad
558 258 598 294 te
617 257 717 307 quod
734 257 891 307 epistola
907 257 1012 295 nulla
1028 257 1177 296 rediret.

294 309 393 355 Quid
410 311 496 346 tum
513 309 663 359 profeci,
681 322 829 347 mecum
846 310 1021 348 facientia
1032 310 1119 361 jura

295 361 335 398 Si
352 364 481 400 tamen
499 361 697 400 attentas?
726 362 898 409 Quereris
917 376 1026 413 super
1043 363 1115 401 1100
1133 363 1258 410 01313111,
1278 364 1375 414 quod

293 415 524 465 Exspectata
540 415 612 453 tibi
629 428 705 452 non
723 415 878 453 mittam
895 416 1060 453 carmina
1076 416 1246 454 mendax.

346 467 495 505 Luculli
514 468 619 505 miles
638 468 793 506 collecta
809 468 947 506 viatica
965 469 1095 506 multis

293 521 504 567 Aerumnis,
522 521 641 558 lassus
659 521 750 558 dum
767 524 884 559 noctu
902 522 1041 568 stertit,
1061 521 1108 559 ad
1125 535 1245 559 assem

294 573 535 620 Perdiderat3
562 577 648 624 post
666 574 738 611 hoc
755 574 955 612 vehemens
973 574 1083 625 lupus
1102 577 1141 612 et
1160 574 1231 612 sibi
1248 577 1287 612 et
1300 574 1403 612 hosti

294 626 420 664 Iratus
438 627 588 677 pariter,
601 627 739 677 jejunis
757 627 932 664 dentibus
951 640 1044 674 acer,

294 679 526 717 Praesidium
545 680 668 730 regale
684 680 766 717 loco
785 680 930 730 dejecit,
949 683 994 717 ut
1012 680 1130 726 aiunt,

294 733 446 770 Summe
463 732 611 770 munito
630 735 668 771 et
686 733 891 770 multarum
909 733 1026 770 divite
1043 747 1178 771 rerum.

294 785 423 823 Clarus
442 786 490 823 ob
508 786 548 822 id
564 786 708 823 factum
726 786 832 823 donis
852 788 1006 824 ornatur
1023 786 1214 833 honestis3

293 839 442 888 Accipit
461 841 499 876 et
517 839 574 876 bis
593 839 688 876 dena
705 852 815 889 super
833 839 1004 877 sestertia
1021 853 1232 876 nummum.

293 891 409 929 Forte
428 892 496 929 sub
514 892 585 929 hoc
603 894 752 941 tempus
771 892 965 929 castellum
983 894 1147 930 evertere
1164 894 1313 942 praetor

293 944 431 982 Nescio
450 944 549 995 quod
567 944 716 995 cupiens
734 944 878 982 hortari
896 945 1017 995 coepit
1036 945 1195 983 eundem

292 997 436 1044 Verbis,
455 1011 547 1048 quae
564 997 698 1035 timido
716 1011 861 1048 quoque
878 999 1030 1047 possent
1049 998 1181 1036 addere
1199 1000 1364 1036 mentem
1380 1014 1387 1035 ε

294 1050 327 1096 1,
345 1051 452 1097 bone,
471 1064 544 1100 quo
561 1050 682 1088 virtus
700 1052 769 1088 tua
786 1053 825 1088 te
843 1053 964 1097 vocat,
983 1051 996 1087 i
1014 1051 1106 1100 pede
1124 1051 1258 1096 fausto,

294 1103 462 1141 Grandia
479 1104 624 1141 laturus
643 1104 864 1141 meritorum
882 1104 1056 1153 praemia.
1111 1103 1210 1150 Quid
1228 1106 1304 1141 stas
1319 1103 1336 1141 P

295 1156 388 1194 Post
407 1155 497 1194 haec
515 1157 577 1194 ille
596 1159 701 1194 catus
720 1157 961 1206 quantumvis
979 1157 1162 1194 rusticus:
1192 1156 1283 1203 Ibit,

295 1209 374 1246 Ibit
393 1223 447 1255 eo,
466 1223 538 1260 quo
557 1209 625 1255 vis,
647 1210 710 1259 qui
729 1223 861 1247 zonam
878 1209 1052 1259 perdidit,
1070 1210 1205 1260 inquit.

346 1263 488 1300 Romae
505 1262 642 1299 nutriri
660 1262 754 1299 mihi
772 1262 933 1312 contigit
952 1265 1063 1312 atque
1082 1263 1215 1309 doceri,

294 1315 420 1352 Iratus
440 1315 561 1353 Graiis
580 1318 763 1365 quantum
781 1315 970 1352 nocuisset
988 1315 1166 1353 Achilles.

293 1368 469 1418 Adjecere
487 1369 604 1406 bonae
622 1367 732 1417 paulo
750 1367 834 1417 plus
853 1368 944 1405 artis
962 1368 1146 1414 Athenae,

293 1421 441 1459 Scilicet
458 1424 504 1458 ut
521 1420 655 1458 vellem
674 1434 786 1457 curvo
805 1420 1019 1470 dignoscere
1037 1423 1181 1458 rectum

293 1475 419 1524 Atque
437 1474 536 1511 inter
554 1473 665 1511 silvas
685 1473 865 1511 Academi
883 1487 1055 1523 quaerere
1073 1487 1214 1511 verum.

359 1948 367 1977 1

350 1946 397 2044 11
