1670 2736
674 1303 830 1341 SATIRA
858 1303 891 1341 I.

207 1399 284 1447 Qui
300 1399 358 1446 fit,
377 1399 590 1447 Maecenas,
608 1403 653 1439 ut
672 1415 795 1448 nemo,
815 1415 928 1452 quam
947 1402 1019 1441 sibi
1037 1409 1179 1442 sortem

207 1452 283 1491 Seu
299 1452 398 1491 ratio
416 1453 562 1492 dederit
581 1468 647 1492 seu
664 1455 741 1493 fors
761 1454 951 1506 objecerit,
970 1456 1035 1495 illa

207 1505 422 1544 Contentus
440 1507 557 1554 vivat,
575 1507 704 1546 laudet
723 1508 870 1546 diversa
888 1513 1086 1560 sequentes
1101 1510 1119 1550 Ρ

207 1558 242 1597 Ο
259 1559 446 1598 fortunati
463 1562 711 1599 mercatores!
738 1562 864 1612 gravis
883 1563 991 1601 annis

208 1611 322 1651 Miles
341 1613 396 1651 ait
413 1614 537 1652 multo
549 1614 632 1666 jam
649 1614 791 1652 fractus
810 1616 980 1655 membra
997 1616 1135 1656 labore.

207 1665 352 1705 Contra
367 1669 555 1706 mercator
571 1681 718 1715 navem,
729 1669 965 1719 jaetantibus
983 1671 1137 1709 Austris
1152 1688 1159 1710 :

207 1718 352 1758 Militia
368 1721 427 1758 est
444 1721 581 1771 potior.
637 1722 738 1769 Quid
752 1722 852 1760 enim
867 1722 885 1760 Ρ
914 1722 1182 1764 Concurritur:
1203 1727 1315 1765 horae

207 1772 408 1812 Memento
427 1774 504 1812 cita
520 1788 622 1812 mors
641 1776 746 1813 venit
764 1778 831 1813 aut
850 1776 1010 1815 victoria
1026 1777 1136 1817 laeta.

205 1879 284 1918 Sub
302 1880 394 1931 galli
411 1884 567 1920 cantum
586 1882 778 1920 consultor
795 1883 861 1920 ubi
881 1884 979 1922 ostia
996 1885 1134 1935 pulsat.

206 1932 276 1971 Ille
294 1933 394 1972 datis
412 1934 570 1973 vadibus
589 1936 654 1986 qui
671 1949 756 1974 rure
775 1939 967 1975 extractus
986 1938 1026 1976 in
1044 1939 1176 1977 urbem
1195 1943 1265 1982 est,

205 1986 311 2025 Solos
329 1987 454 2026 felices
472 1989 644 2027 viventes
663 1989 801 2028 elamat
819 1990 860 2027 in
878 1991 981 2029 urbe.

204 2039 340 2078 Cetera
357 2041 403 2080 de
421 2055 556 2093 genere
574 2042 658 2090 hoc,
676 2043 768 2081 adeo
787 2046 877 2081 sunt
896 2045 1028 2091 multa,
1047 2045 1239 2096 loquacem

204 2092 402 2133 Delassare
419 2095 547 2134 valent
567 2095 741 2134 Fabium.
797 2097 860 2134 Ne
877 2100 917 2136 te
935 2111 1070 2145 morer,
1089 2100 1188 2146 audi,

203 2146 288 2194 Quo
306 2161 387 2186 rem
408 2149 602 2188 dedueam.
658 2150 699 2188 Si
717 2150 801 2201 quis
820 2150 923 2198 deus,
943 2152 1005 2189 En
1024 2165 1106 2203 ego,
1126 2153 1239 2198 dieat,

202 2199 229 2237 J
232 2213 294 2238 am
312 2201 446 2240 faciam
463 2203 565 2253 quod
582 2203 721 2242 vultis:
742 2204 813 2242 eris
831 2207 888 2251 tu,
908 2205 973 2256 qui
992 2206 1104 2243 modo
1123 2207 1250 2253 miles:

202 2253 417 2302 Mercator3
435 2258 492 2303 tu,
510 2257 705 2295 consultus
724 2257 849 2303 modo,
868 2259 1053 2297 rusticus:
1073 2259 1162 2298 hine
1181 2274 1259 2307 vos,

200 2306 280 2345 Vos
298 2307 387 2346 hine
404 2310 564 2348 mutatis
583 2310 764 2349 discedite
782 2312 967 2362 partibus.
1024 2313 1117 2351 Eia!

201 2360 303 2407 Quid
320 2362 464 2402 statis?
491 2363 641 2402 Nolint.
696 2364 819 2414 Atqui
835 2364 926 2403 lieet
944 2379 1023 2404 esse
1041 2367 1173 2404 beatis.

201 2414 302 2461 Quid
320 2428 451 2454 causae
469 2419 539 2464 est,
557 2418 693 2456 merito
714 2419 804 2468 quin
822 2419 899 2457 illis
919 2418 1074 2470 Jupiter
1093 2421 1221 2458 ambas

206 2466 335 2506 Iratus
353 2469 488 2508 buccas
506 2470 613 2508 inflet
631 2483 752 2521 neque
771 2485 810 2510 se
828 2473 907 2510 fore
923 2473 1083 2523 posthae

201 2520 298 2558 Tam
315 2522 462 2561 facilem
481 2523 594 2570 dicat,
613 2525 714 2563 votis
732 2527 777 2563 ut
795 2525 974 2576 praebeat
991 2539 1118 2564 aurem
1134 2526 1150 2564 Ρ

257 2574 467 2624 Praeterea,
485 2591 533 2615 ne
552 2577 615 2624 sie,
634 2581 679 2616 ut
698 2578 763 2629 qui
775 2579 961 2630 jocularia
977 2580 1102 2617 ridens
