1670 2736
269 101 345 139 146

697 113 875 142 HOBATII
893 113 1096 142 CARMINA.

477 207 709 258 Spectandus
726 208 768 246 in
786 209 990 248 certamine
1008 209 1164 258 Martio,

476 260 627 299 Devota
642 261 758 299 morti
774 265 927 312 pectora
944 262 1080 301 liberae

530 313 692 360 Quantis
710 314 889 365 fatigaret
906 315 1024 353 ruinis
1038 332 1047 362 3

585 366 798 405 Indomitas
815 381 930 418 prope
949 368 1069 419 qualis
1086 368 1206 406 undas

475 452 638 491 Exercet
655 453 808 501 Auster,
828 454 1028 492 Pleiadum
1046 455 1159 493 choro

476 505 678 544 Scindente
696 507 826 553 nubes,
843 507 1005 558 impiger
1021 506 1192 545 hostium

530 558 675 596 Vexare
691 561 836 597 turmas
855 562 894 597 et
910 560 1134 598 frementem

584 611 743 650 Mittere
761 625 900 662 equum
916 613 1058 651 medios
1075 626 1142 664 per
1158 612 1276 664 ignes.

480 697 541 735 Sic
558 698 789 736 tauriformis
806 699 974 737 volvitur
990 699 1164 746 Aufidus,

478 750 553 797 Qui
570 764 687 802 regna
703 751 833 789 Dauni
849 752 1023 802 praefluit
1041 752 1171 803 Apuli,

531 803 629 841 Cum
647 804 765 843 saevit
782 805 1080 855 horrendamque
1099 805 1211 843 cultis

582 856 775 896 Diluviem
792 858 999 896 meditatur
1017 858 1129 909 agris,

478 942 536 980 Ut
553 943 797 982 barbarorum
815 943 993 982 Claudius
1012 945 1165 996 agmina

479 995 637 1034 Ferrata
653 999 761 1035 vasto
780 996 897 1035 diruit
914 997 1060 1048 impetu

530 1048 751 1100 Primosque
770 1052 809 1088 et
827 1052 1013 1088 extremos
1030 1050 1206 1088 metendo

585 1102 730 1141 Stravit
746 1103 907 1154 humum
925 1103 1005 1141 sine
1022 1102 1126 1141 clade
1142 1103 1275 1150 victor,

481 1188 536 1226 Te
554 1189 688 1239 copias,
706 1191 747 1227 te
765 1189 963 1228 consilium
981 1191 1020 1227 et
1038 1192 1125 1228 tuos

482 1241 690 1280 Praebente
708 1242 825 1280 divos.
879 1242 984 1280 Nam
1001 1242 1084 1289 tibi,
1103 1256 1177 1294 quo
1196 1242 1255 1280 die

535 1294 675 1332 Portus
693 1295 929 1333 Alexandrea
946 1295 1103 1345 supplex

584 1347 640 1384 Et
657 1359 814 1385 vacuam
831 1347 1009 1398 patefecit
1028 1348 1163 1394 aulam,

481 1432 654 1470 Fortuna
670 1432 791 1471 lustro
808 1446 985 1484 prospera
1001 1433 1117 1471 tertio

481 1485 580 1523 Belli
599 1486 778 1523 secundos
797 1485 961 1524 reddidit
979 1486 1113 1533 exitus,

533 1538 775 1588 Laudemque
794 1541 833 1576 et
852 1540 1027 1589 optatum
1044 1539 1204 1589 peractis

586 1591 760 1642 Imperiis
778 1591 890 1629 decus
909 1591 1110 1642 arrogavit.

481 1676 535 1714 Te
554 1675 742 1714 Cantaber
759 1690 837 1714 non
855 1678 944 1714 ante
962 1676 1160 1714 domabilis

481 1729 693 1779 Medusque
711 1731 750 1767 et
769 1729 901 1775 Indus,
919 1732 959 1767 te
977 1730 1158 1780 profligus
1178 1729 1337 1780 Scythes

534 1781 712 1829 Miratur,
732 1782 764 1819 Ο
783 1782 906 1820 tutela
922 1795 1095 1832 praesens

586 1834 720 1873 Italiae
738 1835 981 1885 dominaeque
1000 1835 1155 1873 Romae.

485 1921 550 1967 Te,
568 1921 734 1958 fontium
753 1921 818 1971 qui
836 1921 934 1959 celat
953 1921 1116 1971 origines

480 1974 667 2023 Nilusque
686 1976 725 2012 et
744 1974 855 2020 Ister,
873 1976 914 2012 te
931 1974 1082 2024 rapidus
1101 1974 1238 2024 Tigris,

533 2026 587 2064 Te
604 2026 793 2064 belluosus
813 2026 878 2077 qui
895 2026 1050 2064 remotis

584 2079 780 2130 Obstrepit
799 2079 968 2117 Oceanus
988 2079 1195 2126 Britannis,

478 2165 532 2203 Te
549 2179 627 2203 non
643 2165 814 2215 paventis
832 2165 964 2203 funera
982 2165 1126 2203 Galliae

478 2218 678 2268 Dusaeque
694 2218 808 2256 tellus
827 2218 933 2256 audit
951 2218 1142 2266 Hiberiae,

531 2271 585 2309 Te
603 2271 713 2309 caede
730 2271 936 2321 gaudentes
956 2271 1156 2322 Sygambri

583 2323 822 2374 Compositus
840 2326 1066 2363 venerantur
1084 2324 1207 2362 armis.
