1670 2736
289 109 367 146 254
699 121 875 150 nomm
891 122 1123 153 1:1³1sm012An.

342 215 434 254 Non
451 218 581 255 tamen
592 216 729 255 idcirco
748 220 964 257 contemnas
982 219 1106 270 lippus
1123 220 1256 272 inungi
1270 238 1279 269 ;

341 268 437 316 Nec,
456 269 542 319 quia
560 269 728 320 desperes
745 270 878 309 invicti
895 273 1063 310 membra
1080 273 1272 324 Glyconis,

341 321 383 358 N
384 322 497 359 odosa
514 335 646 373 corpus
663 323 759 361 nolis
776 324 972 374 prohibere
990 325 1178 376 cheragra.

341 374 416 412 Est
434 375 594 424 quadam
611 375 757 426 prodire
774 378 897 424 tenus,
916 377 948 415 si
965 391 1041 416 non
1059 378 1172 416 datur
1188 379 1301 418 ultra.

341 426 481 465 Fervet
499 428 655 466 avaritia
671 428 879 479 miseroque
896 430 1068 480 cupidine
1085 434 1238 481 pectus:

341 479 440 518 Sunt
457 481 570 519 verba
587 483 626 519 et
644 494 763 528 voces,
782 482 916 532 quibus
933 483 1034 521 hunc
1051 483 1167 522 lenire
1184 484 1350 523 dolorem

341 531 467 570 Possis
485 535 524 571 et
541 547 719 584 magnam
735 535 858 573 morbi
875 535 1057 586 deponere
1075 539 1232 587 partem.

340 584 481 623 Laudis
499 599 623 625 amore
640 589 785 625 tumes:
813 589 903 625 sunt
921 590 1024 626 certa
1039 589 1194 639 piacula,
1213 603 1306 641 quae
1323 593 1363 629 te

340 638 414 676 Ter
431 652 522 689 pure
540 639 638 677 lecto
655 642 835 690 poterunt
852 654 1015 679 recreare
1033 641 1170 680 libello.

339 690 509 739 Invidus,
527 692 736 740 iracundus,
754 692 863 741 iners,
880 694 1043 741 vinosus,
1061 697 1218 743 amator,

339 743 464 782 Nemo
482 744 573 783 adeo
590 745 689 783 ferus
707 747 776 793 est,
794 748 839 784 ut
856 759 933 784 non
950 747 1144 786 mitescere
1160 748 1291 799 possit,

339 796 378 833 Si
397 797 508 835 modo
527 797 693 836 culturae
710 798 917 849 patientem
935 801 1146 839 commodet
1164 814 1302 839 aurem.

391 849 524 888 Virtus
542 853 600 888 est
617 851 755 889 vitium
772 851 900 902 fugere
918 855 958 890 et
976 853 1159 903 sapientia
1175 854 1297 904 prima

338 902 512 941 Stultitia
530 904 700 942 caruisse.
754 904 879 952 Vides,
899 918 991 955 quae
1009 906 1173 944 maxima
1190 907 1307 945 credis

336 955 431 993 Esse
449 956 559 1003 mala,
577 957 754 1008 exiguum
771 971 923 995 censum
940 960 1162 1009 turpemque
1178 960 1375 1010 repulsam,

337 1008 488 1055 Quanto
506 1009 648 1047 devites
666 1010 781 1047 animi
799 1010 1003 1061 capitisque
1019 1012 1155 1050 labore.

336 1060 505 1112 Impiger
522 1064 706 1101 extremos
725 1063 840 1101 curris
858 1066 1042 1102 mercator
1059 1064 1108 1102 ad
1125 1064 1252 1112 Indos,

336 1113 410 1151 Per
426 1128 528 1153 mare
545 1115 757 1166 pauperiem
774 1116 932 1167 fugiens,
950 1130 1015 1167 per
1033 1130 1131 1164 saxa,
1148 1130 1215 1168 per
1231 1118 1336 1168 ignes
1351 1135 1359 1156 ε

335 1167 397 1204 Ν8
415 1181 520 1205 811188
538 1181 591 1215 83,
610 1182 702 1217 quae
721 1169 837 1206 stulte
854 1169 999 1207 miraris
1016 1171 1055 1207 811
1073 1171 1192 1220 optas,

335 1219 488 1258 Discere
506 1222 545 1258 et
563 1221 688 1259 audire
706 1223 746 1259 et
762 1221 907 1259 meliori
925 1222 1070 1260 credere
1087 1235 1164 1260 non
1181 1222 1269 1261 vis?

335 1272 427 1319 Quis
446 1273 585 1311 circum
602 1287 718 1324 pagos
736 1276 775 1311 et
793 1274 933 1311 circum
951 1275 1115 1325 compita
1130 1289 1283 1326 pugnax

334 1325 480 1376 Magna
496 1327 663 1364 coronari
681 1328 897 1364 contemnat
915 1327 1102 1378 Olympia,
1121 1328 1181 1365 cui
1199 1341 1293 1378 speS,

335 1377 406 1415 Cui
424 1378 475 1415 sit
492 1379 656 1417 conditio
674 1379 792 1417 dulcis
811 1379 889 1417 81118
906 1380 1058 1430 pulvere
1074 1380 1250 1430 palmae?

386 1431 507 1469 Vilius
526 1434 725 1482 argentum
742 1434 799 1470 est
818 1446 918 1479 auro,
936 1433 1141 1471 virtutibus
1158 1446 1301 1470 aurum.

335 1483 368 1521 Ο
387 1483 495 1531 cives,
515 1484 623 1532 cives,
642 1485 849 1534 quaerenda
864 1485 1022 1535 pecunia
1037 1485 1201 1536 primum
1217 1488 1296 1533 est3

334 1536 465 1575 Virtus
483 1539 569 1587 post
586 1551 772 1575 nummos.
826 1538 933 1576 Haec
947 1538 975 1575 J
977 1551 1069 1576 anus
1087 1552 1255 1577 summus
1273 1539 1320 1577 ab
1337 1539 1414 1577 imo

333 1589 530 1637 Prodocet,
548 1591 639 1628 haec
656 1591 829 1628 recinunt
842 1590 998 1641 juvenes
1017 1591 1160 1629 dictata
1177 1605 1354 1642 senesque

333 1642 458 1680 Laevo
477 1643 645 1693 suspensi
662 1643 802 1681 loculos
819 1643 1060 1693 tabulamque
1077 1644 1227 1682 lacerto.

333 1695 408 1733 Est
426 1695 572 1734 animus
589 1696 672 1743 tibi,
692 1698 781 1734 sunt
799 1710 920 1734 mores
939 1699 978 1735 et
995 1697 1127 1747 lingua
1142 1697 1318 1747 fidesque,

334 1747 406 1785 Sed
425 1749 708 1800 quadringentis
728 1762 791 1787 sex
809 1751 954 1799 septem
971 1750 1091 1787 millia
1108 1750 1265 1788 desunt:

333 1800 446 1838 Plebs
463 1801 547 1844 eris.
601 1802 656 1839 At
674 1802 780 1852 pueri
797 1802 978 1849 ludenteS,
998 1802 1082 1840 Rex
1099 1802 1182 1850 eris,
1201 1803 1319 1850 aiunt,

333 1853 374 1890 Si
391 1856 491 1891 recte
508 1854 630 1893 facies.
685 1855 762 1892 Hic
779 1868 908 1892 murus
927 1857 1063 1893 aeneus
1081 1857 1183 1893 esto:

331 1906 402 1943 Nil
420 1907 583 1945 conscire
600 1907 681 1955 sibi,
699 1907 804 1945 nulla
819 1907 1015 1958 pallescere
1033 1908 1152 1958 culpa.

331 1958 479 2007 Roscia,
498 1960 556 1997 dic
575 1960 692 2007 sodes,
709 1960 840 1998 melior
857 1960 928 2007 lex,
947 1974 995 1998 an
1012 1973 1212 2011 puerorum
1229 1963 1288 1998 est

331 2011 466 2059 Nenia,
485 2025 578 2062 quae
595 2026 754 2064 regnum
771 2014 871 2051 recte
888 2013 1110 2051 facientibus
1128 2014 1249 2061 offert,

331 2064 386 2101 Et
403 2065 568 2103 maribus
587 2065 708 2103 Curiis
726 2067 766 2103 et
784 2065 982 2103 decantata
999 2065 1165 2103 Camillis
1178 2065 1197 2104 Ρ

330 2116 420 2154 Ι8118
437 2117 510 2155 tibi
526 2118 658 2155 melius
677 2118 819 2165 suadet,
839 2119 903 2169 qui
919 2132 1000 2156 rem
1017 2118 1140 2165 facias,
1157 2131 1249 2165 rem,

331 2169 372 2206 Si
387 2170 518 2220 possis,
536 2172 647 2217 recte,
665 2171 697 2208 si
714 2184 801 2218 non,
820 2184 1039 2222 quocunque
1056 2171 1168 2209 modo
1184 2184 1275 2219 rem,

330 2222 388 2259 Ut
405 2223 557 2273 propius
575 2225 718 2273 spectes
736 2223 930 2262 lacrimosa
946 2226 1122 2274 poemata
1139 2224 1249 2274 Pupi,

329 2275 394 2312 An
411 2276 476 2325 qui
494 2276 684 2314 Fortunae
700 2278 740 2314 te
757 2289 972 2326 responsare
989 2277 1167 2327 superbae

331 2327 511 2366 Liberum
528 2331 567 2367 et
585 2331 751 2367 erectum
768 2342 940 2379 praesens
957 2330 1132 2367 hortatur
1150 2331 1190 2367 et
1208 2328 1347 2379 aptat?

384 2381 494 2427 Quod
512 2381 544 2419 81
560 2395 620 2420 1118
637 2381 796 2432 populus
815 2382 1008 2420 Romanus
1025 2382 1122 2420 forte
1140 2384 1260 2432 roget,
1279 2395 1345 2420 cur

331 2433 433 2480 Non,
451 2436 496 2471 ut
514 2435 730 2484 porticibus,
750 2435 801 2472 818
814 2435 965 2485 judiciis
982 2435 1084 2472 fruar
1099 2435 1231 2481 isdem,

330 2486 412 2523 Nec
431 2500 562 2537 sequar
580 2490 646 2525 aut
664 2487 818 2538 fugiam,
837 2501 930 2537 quae
948 2487 1073 2538 diligit
1089 2487 1169 2537 ipse
1186 2487 1247 2525 vel
1264 2487 1356 2534 odit,

331 2538 432 2576 Olim
450 2540 550 2590 quod
566 2540 695 2590 vulpes
713 2542 866 2591 aegroto
884 2542 994 2578 cauta
1010 2539 1109 2578 leoni

330 2590 553 2642 Respondit,
571 2593 748 2631 referam:
777 2593 874 2640 Quia
890 2607 951 2631 me
968 2592 1127 2644 vestigia
1143 2594 1300 2639 terrent,
