1670 2736
249 116 327 154 220
618 124 620 126 ·
692 128 868 157 noman
887 129 1072 158 mmm.

762 1230 917 1269 SAmmA
934 1232 992 1269 ΙΙ.

302 1315 406 1362 Quae
424 1314 545 1353 virtus
564 1317 603 1353 et
622 1317 774 1366 quanta,
793 1317 894 1364 boni,
913 1318 964 1355 sit
982 1318 1107 1357 vivere
1124 1332 1261 1370 parvo3

302 1368 385 1406 Nec
403 1381 508 1406 meus
525 1368 588 1406 hic
607 1382 727 1407 sermo
745 1371 814 1416 est,
834 1370 898 1408 sed
917 1384 1010 1421 quae
1027 1372 1215 1423 praecepit
1234 1372 1355 1411 Ofella

301 1421 494 1468 Rusticus,
513 1421 701 1459 abnormis
720 1423 865 1473 sapiens
884 1436 1078 1474 crassaque
1095 1425 1292 1472 Minerva3

301 1474 448 1511 Discite
465 1487 542 1511 non
559 1474 660 1512 inter
676 1474 801 1513 lances
818 1489 1037 1526 mensasque
1054 1477 1231 1525 nitentes,

301 1526 400 1564 Cum
427 1529 556 1577 stupet
573 1527 714 1565 insanis
732 1528 827 1566 acies
845 1529 1054 1580 fulgoribus
1073 1532 1112 1568 et
1130 1544 1217 1569 cum

300 1579 466 1617 Acclinis
484 1579 586 1618 falsis
605 1580 751 1618 animus
768 1581 924 1620 meliora
940 1585 1099 1630 recusat,

300 1633 443 1670 Verum
461 1632 523 1670 hic
539 1633 720 1683 impransi
737 1647 886 1672 mecum
903 1635 1109 1686 disquirite.
1164 1635 1241 1674 Gur
1257 1636 1329 1674 hoc
1342 1636 1361 1675 Ρ

300 1686 448 1733 Dicam,
468 1686 499 1723 si
516 1688 659 1736 potero.
714 1687 818 1725 Male
835 1701 967 1726 verum
985 1689 1174 1727 examinat
1193 1689 1314 1727 omnis

301 1738 509 1789 Corruptus
522 1739 651 1789 judex.
705 1739 891 1790 Leporem
909 1743 1074 1779 sectatus
1093 1755 1236 1792 equove

303 1791 442 1829 Lassus
461 1792 507 1829 ab
525 1791 710 1830 indomito
727 1793 800 1840 vel,
819 1793 851 1831 si
868 1793 1041 1832 Romana
1057 1794 1195 1845 fatigat

301 1844 446 1882 Militia
463 1846 654 1882 assuetum
671 1846 846 1896 graecari,
865 1859 931 1885 seu
947 1847 1025 1896 pila
1041 1847 1150 1885 velox

300 1897 473 1935 Molliter
491 1899 682 1935 austerum
700 1899 826 1936 studio
843 1899 996 1937 fallente
1013 1900 1189 1946 laborem,

301 1950 375 1987 Seu
392 1952 432 1987 te
451 1950 573 1988 discus
591 1950 684 2001 agit,
701 1951 795 2001 pede
813 1952 1008 1990 cedentem
1026 1955 1112 1990 aera
1130 1952 1253 1999 disco;

301 2002 399 2039 Cum
417 2003 522 2040 labor
540 2003 729 2041 extuderit
747 2004 909 2051 fastidia,
928 2004 1057 2052 siccus,
1075 2005 1197 2043 inanis

300 2055 440 2105 Sperne
459 2055 585 2093 cibum
602 2056 739 2103 vilem;
765 2057 839 2094 nisi
856 2057 1063 2108 Hymettia
1079 2057 1192 2095 mella
1209 2057 1369 2096 Falerno

299 2108 361 2145 Ne
378 2108 515 2146 biberis
533 2108 665 2147 diluta.
720 2109 829 2147 Foris
847 2112 905 2147 est
922 2123 1086 2160 promus,
1105 2112 1144 2148 et
1163 2112 1289 2148 atrum

300 2160 515 2199 Defendens
531 2161 650 2211 pisces
667 2162 810 2200 hiemat
828 2175 950 2201 mare:
979 2176 1066 2201 cum
1083 2163 1158 2201 sale
1175 2163 1281 2214 panis

299 2213 523 2252 Latrantem
541 2215 778 2252 stomachum
794 2215 888 2253 bene
905 2215 1032 2253 leniet.
1086 2215 1199 2254 Unde
1215 2218 1327 2267 putas
1344 2218 1411 2253 aut

299 2266 374 2313 Qui
390 2266 573 2316 partum?
599 2267 691 2305 Non
708 2267 748 2304 in
766 2281 850 2306 caro
867 2268 996 2306 nidore
1013 2268 1188 2319 voluptas

300 2319 467 2366 Summa,
485 2319 550 2357 sed
567 2319 608 2357 in
625 2322 665 2358 te
683 2320 764 2370 ipso
782 2323 851 2358 est.
906 2321 967 2358 Tu
983 2321 1235 2371 pulmentaria
1251 2334 1384 2372 quaere

301 2372 498 2419 Sudando3
524 2372 704 2423 pinguem
721 2373 825 2411 vitiis
843 2373 1042 2424 albumque
1059 2387 1180 2424 neque
1197 2376 1321 2412 ostrea

299 2424 382 2462 Nec
401 2438 526 2463 scarus
544 2427 611 2463 aut
629 2426 770 2476 poterit
787 2426 982 2477 peregrina
993 2427 1125 2478 juvare
1142 2426 1272 2478 lagois.

298 2477 374 2514 Vix
391 2480 520 2515 tamen
538 2478 703 2528 eripiam,
721 2479 845 2529 posito
862 2492 1006 2529 pavone
1022 2479 1115 2517 velis
1133 2480 1225 2530 quin

299 2530 388 2567 Hoc
406 2530 532 2580 potius
551 2544 663 2580 quam
680 2531 822 2582 gallina
838 2533 985 2582 tergere
1002 2532 1181 2582 palatum,

301 2582 509 2633 Corruptus
526 2583 632 2621 vanis
650 2597 786 2631 rerum,
805 2584 892 2635 quia
908 2587 1044 2623 veneat
1061 2597 1150 2622 auro
