1670 2736
603 98 685 127 ΗΒ.
705 98 754 126 11.
773 98 902 126 muer.
920 98 969 125 11.
1351 86 1429 125 297

217 196 342 246 Quam
358 209 426 248 per
441 195 542 235 vatis
559 208 654 246 opus
671 207 794 233 mores
811 194 1002 244 animique
1019 193 1187 232 virorum

217 250 415 289 Clarorum
431 251 624 301 apparent.
679 248 763 287 Nec
781 260 970 286 sermones
988 259 1059 298 ego
1077 246 1230 285 mallem

217 303 410 355 Repentes
427 316 494 354 per
510 302 671 341 humum
689 315 804 353 quam
819 314 879 340 res
898 313 1120 351 componere
1138 302 1277 351 gestaS‚

217 357 493 408 Terrarumque
511 356 607 395 situs
625 358 665 395 et
683 355 841 393 flumina
858 354 980 393 dicere
998 355 1037 392 et
1056 367 1157 392 arces

218 411 421 450 Montibus
437 409 634 461 impositas
653 411 692 448 et
709 409 867 447 barbara
883 421 1001 459 regna
1017 407 1169 458 tuisque

218 464 408 516 Auspiciis
425 465 556 502 totum
569 463 741 501 confecta
757 461 883 500 duella
899 474 966 512 per
983 461 1114 500 orbem

221 517 470 569 Olaustraque
489 516 685 556 custodem
701 516 803 567 pacis
822 514 1038 554 cohibentia
1055 514 1084 552 J
1085 528 1201 553 anum

219 571 277 610 Et
294 571 541 610 formidatum
560 569 714 608 Parthis
731 571 772 607 te
789 568 957 620 principe
975 567 1153 614 Romam,

220 624 273 672 Si,
287 626 474 676 quantum
487 637 672 675 cuperem,
685 635 836 674 possem
854 635 1024 673 quoque3
1051 622 1117 660 sed
1129 635 1251 672 neque
1269 634 1431 671 parvum

221 678 383 717 Carmen
400 677 576 729 majestas
594 677 728 727 recipit
745 678 814 715 tua
831 689 900 714 nec
917 689 1024 713 meus
1042 675 1156 714 audet

221 731 323 770 Rem
339 733 489 770 tentare
505 731 637 782 pudor,
656 743 770 781 quam
787 729 887 768 vires
902 729 998 767 ferre
1015 731 1201 767 recusent.

222 784 411 824 Sedulitas
429 786 558 823 autem
577 783 706 831 stulte,
725 796 839 834 quem
856 782 995 833 diligit,
1013 784 1137 833 urget,

221 838 427 890 Praecipue
444 852 532 877 cum
550 851 589 876 se
606 837 773 875 numeris
792 836 1033 875 commendat
1051 838 1091 874 et
1109 838 1212 874 arte:

221 892 350 931 Discit
367 891 469 930 enim
486 891 598 930 citius
617 890 865 941 meminitque
882 890 1063 928 libentius
1080 889 1188 936 illud,

223 945 336 994 Quod
352 945 435 997 quis
454 945 611 992 deridet,
630 958 745 995 quam
763 943 865 995 quod
881 943 1017 994 probat
1036 945 1075 982 et
1093 944 1305 981 veneratur.

222 999 294 1038 Nil
310 1012 436 1038 moror
454 998 629 1046 officium,
648 998 750 1049 quod
766 1011 828 1036 me
846 999 991 1048 gravat,
1011 1010 1053 1035 ac
1071 1010 1192 1048 neque
1211 996 1301 1034 ficto

223 1052 275 1091 In
291 1052 397 1104 pejus
414 1052 527 1090 vultu
542 1051 702 1103 proponi
719 1064 846 1090 cereus
864 1064 1035 1101 usquam,

223 1106 308 1145 Nec
324 1119 438 1158 prave
455 1105 567 1144 factis
586 1105 752 1143 decorari
768 1104 939 1143 versibus
957 1106 1061 1155 opto,

223 1159 287 1198 Ne
303 1159 459 1198 rubeam
475 1158 609 1210 pingui
626 1159 788 1197 donatus
806 1171 972 1205 munere,
991 1160 1031 1196 et
1049 1171 1126 1195 una

225 1212 324 1252 Cum
341 1213 522 1265 scriptore
539 1226 624 1251 meo
643 1225 754 1263 capsa
770 1214 965 1263 porrectus
983 1213 1114 1262 aperta

223 1266 382 1306 Deferat
398 1266 440 1305 in
456 1266 583 1305 vicum
600 1266 829 1305 vendentem
845 1265 938 1303 thus
957 1266 996 1303 et
1015 1264 1146 1303 odores

225 1319 282 1359 Et
297 1319 405 1372 piper
421 1322 462 1359 et
480 1319 663 1371 quidquid
680 1319 821 1358 chartis
840 1318 1016 1357 amicitur
1032 1317 1184 1369 ineptis,

397 1495 608 1533 Emsmom
635 1494 814 1532 II.—A1›
835 1493 862 1531 J
865 1505 1004 1532 ULmM
1023 1493 1218 1532 Fnomm.

228 1581 351 1628 Flore,
368 1581 468 1620 bono
486 1580 659 1631 claroque
676 1580 797 1619 fidelis
815 1580 932 1618 amice
950 1579 1108 1626 Neroni,

228 1635 270 1673 Si
287 1634 370 1686 quis
388 1635 486 1673 forte
503 1634 597 1673 velit
614 1647 774 1685 puerum
791 1633 864 1672 tibi
881 1634 1041 1672 vendere
1059 1635 1195 1671 natum

229 1689 369 1727 Tibure
386 1688 448 1727 vel
470 1687 600 1726 Gabiis
622 1690 662 1726 et
679 1689 807 1726 tecum
826 1687 879 1726 sic
898 1689 1002 1738 agat:
1032 1687 1110 1724 Hic
1129 1689 1168 1724 et

229 1742 420 1781 Candidus
438 1743 478 1780 et
494 1741 593 1780 talos
611 1754 634 1779 a
649 1741 791 1780 vertice
808 1741 965 1792 pulcher
983 1741 1031 1778 ad
1047 1740 1144 1778 imos

227 1796 316 1835 Fiet
335 1795 481 1846 eritque
498 1798 589 1834 tuus
607 1808 851 1833 nummorum
869 1794 1036 1832 millibus
1055 1796 1154 1840 oct0‚

226 1849 355 1888 verna
370 1848 589 1888 ministeriis
608 1849 655 1887 ad
672 1850 790 1887 nutus
809 1850 920 1899 aptus
938 1847 1086 1895 heriles,

228 1902 427 1942 Litterulis
446 1902 599 1941 Graecis
615 1902 798 1950 imbutus,
815 1902 972 1940 idoneus
990 1901 1064 1940 arti

228 1956 415 2004 Cuilibet3
443 1956 575 2008 argilla
591 1955 739 2007 quidvis
756 1955 964 1994 imitaberis
982 1955 1067 2002 uda,

228 2010 330 2058 Quin
348 2010 464 2049 etiam
482 2012 592 2048 canet
609 2009 818 2057 indoctum,
838 2009 903 2048 sed
921 2009 1028 2047 dulce
1045 2008 1204 2047 bibenti.

228 2064 359 2102 Multa
374 2063 490 2102 fidem
506 2063 691 2114 promissa
707 2063 847 2110 levant,
865 2063 932 2101 ubi
949 2062 1096 2114 plenius
1115 2069 1232 2112 aequo

228 2116 380 2156 Laudat
396 2117 557 2164 venales,
576 2117 642 2168 qui
658 2117 744 2155 vult
762 2117 970 2163 extrudere,
989 2129 1143 2154 merces,

230 2170 309 2209 Res
326 2172 440 2222 urget
457 2184 519 2209 me
536 2170 663 2218 nulla3
689 2183 774 2209 meo
793 2183 878 2208 sum
896 2183 1037 2221 pauper
1054 2169 1095 2207 in
1114 2182 1208 2207 aere.

229 2223 356 2262 Nemo
373 2224 446 2263 hoc
464 2237 698 2275 mangonum
715 2224 854 2262 faceret
872 2223 966 2270 tibi3
993 2237 1071 2261 non
1089 2225 1231 2261 temere
1250 2235 1272 2259 a
1290 2235 1349 2259 me

231 2277 364 2325 Quivis
381 2277 496 2316 ferret
513 2277 626 2316 idem.
681 2277 806 2316 Semel
822 2277 885 2315 hic
904 2277 1063 2316 cessavit
1082 2279 1133 2323 et,
1151 2279 1197 2314 ut
1215 2276 1272 2322 fit,

232 2330 282 2368 In
300 2331 408 2369 scalis
425 2330 540 2369 latuit
558 2332 731 2369 metuens
748 2330 948 2381 pendentis
965 2331 1154 2369 habenae:

231 2383 311 2422 Des
329 2397 516 2432 nummos,
534 2386 690 2435 excepta
706 2383 802 2422 nihil
818 2386 859 2422 te
877 2384 910 2422 si
927 2384 1019 2435 fuga
1035 2383 1160 2421 laedat
1176 2399 1184 2429 ;

232 2437 306 2476 Ille
323 2438 420 2476 ferat
437 2437 603 2488 pretium
619 2450 761 2488 poenae
774 2451 937 2484 securus,
955 2437 1098 2488 opinor.

232 2490 405 2529 Prudens
424 2490 551 2529 emisti
567 2490 760 2538 vitiosum,
779 2491 882 2529 dicta
898 2490 971 2529 tibi
989 2492 1048 2528 est
1066 2489 1147 2527 lex:

233 2543 448 2595 Insequeris
464 2546 595 2583 tamen
611 2544 714 2582 hunc
732 2546 772 2582 et
788 2543 857 2582 lite
874 2543 1032 2582 moraris
1049 2541 1209 2594 iniqua?

279 2598 378 2636 -Dixi
395 2611 457 2636 me
473 2597 626 2649 pigrum
643 2597 895 2648 proficiscenti
911 2597 996 2645 tibi,
1014 2595 1092 2634 dixi
