1670 2736
241 100 315 136 106
669 109 845 136 HORATII
865 108 1065 136 CARMINA.

528 927 707 965 CARMEN
725 928 955 964 XIX—AD
976 927 1221 963 TELEPHUM.

400 1004 594 1049 Quantum
613 1003 728 1041 distet
746 1003 792 1040 ab
812 1003 954 1040 Inacho

452 1056 595 1093 Codrus
612 1070 680 1106 pro
698 1056 819 1106 patria
836 1069 912 1095 non
930 1055 1085 1093 timidus
1103 1054 1209 1099 mori,

399 1109 540 1146 Narras
559 1111 598 1146 et
616 1122 734 1159 genus
753 1109 867 1146 Aeaci

451 1162 505 1198 Et
524 1164 693 1212 pugnata
710 1175 813 1200 sacro
831 1161 929 1199 bella
946 1161 1015 1198 sub
1034 1160 1129 1197 Ilio:

401 1236 483 1282 Quo
503 1235 642 1274 Chium
659 1236 780 1286 pretio
799 1236 932 1273 cadum

452 1288 676 1335 Mercemm,
696 1289 778 1338 quis
798 1302 932 1339 aquam
949 1289 1134 1337 temperet
1152 1286 1315 1336 ignibus,

400 1342 483 1387 Quo
501 1342 700 1391 praebente
720 1342 874 1379 domum
892 1344 931 1378 et
950 1344 1066 1390 quota

452 1394 619 1444 Pelignis
638 1408 781 1432 caream
799 1394 1013 1444 frigoribus,
1031 1396 1145 1430 taces.

399 1470 460 1506 Da
478 1470 587 1507 lunae
604 1483 758 1520 propere
776 1483 904 1516 novae,

452 1523 513 1560 Da
530 1523 651 1560 noctis
669 1523 823 1568 mediae,
843 1523 900 1568 da,
919 1535 1022 1571 puer,
1041 1521 1192 1571 auguris

400 1575 603 1613 Murenae:
622 1576 744 1613 tribus
764 1578 829 1613 aut
847 1588 983 1612 novem

452 1629 663 1666 Miscentur
681 1628 828 1679 cyathis
846 1627 980 1678 pocula
999 1626 1213 1664 commodis.

400 1704 473 1750 Qui
492 1704 624 1741 Musas
643 1706 745 1741 amat
762 1703 934 1754 impares,

451 1756 592 1794 Temos
610 1759 668 1794 ter
687 1757 844 1807 cyathos
863 1755 1049 1793 attonitus
1067 1756 1172 1804 petet

399 1809 514 1846 Vates
529 1826 537 1855 3
556 1813 633 1847 tres
651 1809 825 1859 prohibet
844 1822 954 1858 supra

451 1862 633 1899 Rixarum
651 1865 822 1900 metuens
840 1864 995 1911 tangere
1014 1860 1146 1897 Gratia

398 1936 522 1974 Nudis
535 1937 669 1986 juncta
686 1937 883 1974 sororibus.

452 1990 621 2027 Insanire
634 1990 744 2040 juvat
759 2006 766 2027 ε
787 2003 852 2027 cur
870 1988 1116 2039 Berecyntiae

400 2042 557 2080 Cessant
574 2043 726 2080 flamina
741 2041 887 2080 tibiae?

452 2095 528 2132 Cur
545 2096 683 2145 pendet
701 2096 819 2133 tacita
835 2094 964 2132 fistula
981 2107 1067 2132 cum
1085 2091 1197 2143 lyra?

400 2170 599 2208 Parcentes
619 2184 688 2221 ego
706 2171 875 2208 dexteras

452 2223 546 2260 Odi:
566 2237 697 2273 sparge
715 2237 838 2270 rosas3
858 2222 984 2260 audiat
1002 2221 1149 2258 invidus

399 2275 626 2313 Dementem
644 2277 845 2326 strepitum
863 2276 989 2326 Lycus

451 2328 505 2365 Et
523 2329 645 2366 vicina
663 2329 741 2366 seni
759 2342 835 2366 non
856 2328 990 2365 habilis
1010 2326 1126 2376 Lyco.

400 2403 525 2453 Spissa
542 2406 582 2441 te
600 2404 765 2441 nitidum
784 2415 901 2449 coma,

453 2456 554 2493 Puro
572 2458 613 2494 te
630 2456 801 2502 similem,
821 2456 995 2505 Telephe,
1014 2454 1188 2503 Vespero,

400 2508 638 2558 Tempestiva
655 2509 753 2559 petit
772 2509 906 2546 Rhode
920 2524 928 2545 :

451 2561 517 2599 Me
535 2562 660 2600 lentus
679 2562 860 2613 Glycerae
877 2563 997 2599 torret
1016 2572 1119 2597 amor
1135 2571 1250 2596 meae.
