1670 2736
1500 0 1586 27 ᾞῊ

266 117 343 154 264
599 121 602 123 ’
680 129 858 157 1101111111
874 131 1108 161 nusi-omn.
1598 0 1670 150 ἶ

320 221 494 272 Dignum
510 224 706 273 praestabo
724 237 785 262 me
803 225 918 264 etiam
934 239 1002 277 pro
1019 227 1128 266 laude
1145 230 1336 268 merentis.

322 275 433 322 Quod
450 275 482 313 si
499 289 560 314 me
578 276 680 314 noles
698 290 857 327 usquam
874 278 1071 328 discedere,
1089 281 1222 320 reddes

322 327 439 366 Forte
456 328 567 376 latus,
585 329 713 380 nigros
732 333 894 380 angusta
910 332 1035 371 fronte
1053 334 1216 384 capillos,

321 380 470 419 Reddes
488 381 595 419 dulce
611 382 725 433 loqui,
743 383 874 421 reddes
891 384 1011 424 ridere
1029 386 1207 425 decorum
1220 390 1260 426 et

322 433 431 471 Inter
450 434 539 472 vina
555 435 686 486 fugam
705 434 860 474 Cinarae
877 450 1040 476 maerere
1057 442 1264 489 protervae.

372 486 488 525 Forte
505 500 571 537 per
588 490 789 538 angustam
805 490 930 528 tenuis
947 491 1142 542 vulpecula
1159 493 1295 531 rimam

322 539 506 589 Resperat
523 540 564 577 in
582 553 772 579 cumeram
789 542 982 591 fiumenti,
999 547 1179 595 pastaque
1197 559 1325 584 rursus

323 592 385 630 Ire
402 592 500 631 foras
517 593 628 643 pleno
645 594 826 632 tendebat
845 608 996 646 corpore
1013 597 1175 645 frustra3

323 645 394 682 Cui
411 646 575 683 mustela
591 647 731 697 procul,
750 647 790 684 Si
807 647 876 695 vis,
894 649 960 696 ait,
979 650 1141 701 effugere
1157 651 1283 698 istinc,

322 698 454 735 Macra
471 712 605 736 cavum
622 701 767 750 repetes
785 702 921 748 artum,
941 715 1052 752 quem
1070 716 1196 742 macra
1214 704 1361 747 subisti.

322 750 408 788 Hac
422 764 492 802 ego
511 751 543 789 si
560 752 761 802 compellor
778 752 952 805 imagine,
971 758 1108 794 cuncta
1123 757 1295 808 resign03

322 803 362 841 N
364 817 404 841 ec
423 817 596 842 somnum
614 805 731 855 plebis
749 806 859 844 laudo
878 809 983 845 satur
1001 808 1174 857 altilium,
1193 823 1261 848 nec

324 856 413 894 Otia
430 857 571 895 divitiis
589 857 759 896 Arabum
776 858 964 898 liberrima
980 864 1100 900 muto.

322 910 437 960 Saepe
453 911 705 949 verecundum
721 912 894 960 laudasti,
912 926 1049 964 rexque
1066 917 1245 966 paterque

321 962 476 1000 Audisti
493 977 629 1011 coram,
649 977 717 1002 nec
735 965 848 1003 verbo
865 966 1011 1016 parcius
1029 967 1183 1006 absens:

322 1015 481 1066 Inspice,
501 1016 533 1054 si
549 1030 703 1067 possum
720 1017 859 1056 donata
876 1031 1052 1069 reponere
1069 1020 1201 1058 laetus.

322 1068 439 1106 Haud
456 1069 552 1107 male
571 1069 826 1118 Telemachus,
843 1071 963 1122 proles
980 1073 1159 1123 patientis
1177 1073 1323 1112 Ulixei:

321 1121 413 1158 Non
430 1124 488 1159 est
506 1124 616 1172 aptus
635 1123 738 1173 equis
757 1123 890 1162 Ithace
906 1124 1020 1172 locus,
1038 1127 1083 1163 ut
1101 1139 1220 1176 neque
1238 1126 1359 1176 planis

322 1174 522 1212 Porrectus
541 1175 671 1226 spatiis
688 1190 756 1214 nec
774 1177 915 1215 multae
932 1178 1110 1229 prodigus
1127 1178 1265 1217 herbae
1279 1195 1287 1226 ;

320 1227 467 1274 Atride,
485 1228 606 1278 magis
624 1232 713 1279 apta
729 1229 802 1267 tibi
818 1232 887 1267 tua
904 1230 1002 1268 dona
1018 1231 1236 1281 relinquam.

322 1279 487 1317 Parvum
504 1294 619 1330 parva
636 1282 791 1328 decent;
818 1282 912 1319 mihi
924 1282 1005 1333 jam
1022 1297 1099 1322 non
1115 1284 1219 1334 regia
1236 1284 1371 1331 Roma,

321 1332 394 1370 Sed
410 1346 571 1371 vacuum
589 1334 707 1372 Tibur
722 1334 845 1385 placet
863 1337 929 1373 aut
946 1335 1095 1374 imbelle
1113 1336 1331 1374 Tarentum.

373 1385 555 1424 Strenuus
573 1388 612 1424 et
630 1387 737 1425 fortis
756 1388 947 1438 causisque
966 1388 1164 1439 Philippus
1182 1389 1336 1440 agendis

322 1438 452 1477 Clarus
470 1440 517 1477 ab
535 1439 664 1477 officiis
682 1442 853 1478 octavam
871 1441 1018 1479 circiter
1035 1442 1168 1479 horam

320 1491 427 1529 Dum
443 1492 541 1530 redit
560 1494 672 1543 atque
691 1493 789 1531 Foro
807 1493 967 1531 nimium
984 1494 1122 1532 distare
1141 1494 1295 1532 Carinas

322 1544 350 1581 J
353 1557 414 1581 am
432 1545 582 1595 grandis
600 1548 695 1583 natu
713 1546 892 1596 queritur,
911 1547 1115 1597 conspexit,
1125 1549 1171 1585 ut
1189 1547 1308 1594 aiunt,

322 1597 510 1635 Adrasum
528 1598 714 1649 quendam
730 1612 849 1637 vacua
865 1600 1027 1638 tonsoris
1044 1600 1085 1637 in
1101 1600 1236 1638 umbra

323 1650 484 1689 Cultello
502 1651 668 1702 proprios
686 1654 912 1702 purgantem
929 1652 1064 1690 leniter
1080 1666 1236 1703 ungues.

323 1703 507 1750 Demetri,
525 1717 617 1754 puer
633 1704 695 1742 hic
713 1718 791 1742 non
808 1705 910 1743 laeve
923 1705 1029 1755 jussa
1047 1705 1214 1756 Philippi

323 1756 553 1806 Aecipiebat,
572 1757 644 1804 abi,
662 1770 796 1808 quaere
814 1759 853 1795 et
870 1758 976 1805 refer,
994 1758 1093 1796 unde
1111 1758 1234 1805 domo,
1254 1758 1349 1809 quis,

324 1808 439 1860 Cujus
457 1809 640 1856 fortunae,
659 1823 732 1860 quo
751 1810 802 1848 sit
819 1812 926 1860 patre
944 1824 1065 1861 quove
1081 1813 1252 1861 patrono.

323 1861 375 1908 It,
394 1862 492 1900 redit
510 1864 549 1900 et
566 1864 705 1910 narrat,
723 1863 920 1901 Vulteium
936 1864 1087 1902 nomine
1105 1864 1272 1910 Menam,

323 1914 561 1962 Praeconem,
579 1915 687 1953 tenui
703 1929 826 1962 censu,
846 1917 925 1954 sine
943 1916 1107 1963 crimine,
1125 1918 1272 1963 notum,

323 1967 378 2004 Et
396 1981 591 2018 properare
607 1968 688 2006 loco
707 1971 746 2006 et
764 1981 904 2006 cessare
918 1971 957 2006 et
975 1982 1148 2019 quaerere
1166 1971 1205 2007 et
1222 1969 1282 2007 uti

323 2020 561 2058 Gaudentem
577 2021 772 2071 parvisque
790 2021 976 2059 sodalibus
994 2023 1033 2060 et
1050 2022 1126 2060 lare
1144 2023 1246 2060 certo

324 2073 380 2110 Et
397 2072 494 2110 ludis
513 2075 553 2111 et
570 2075 658 2123 post
671 2074 794 2112 decisa
810 2074 964 2124 negotia
981 2074 1133 2124 Campo.

324 2125 459 2163 Scitari
475 2126 568 2164 libet
582 2139 627 2164 ex
643 2126 736 2176 ipso,
755 2126 1000 2177 quodcunque
1016 2127 1130 2165 refers
1143 2143 1152 2174 3
1179 2127 1239 2165 dic

322 2178 385 2215 Ad
403 2191 555 2216 coenam
571 2179 710 2217 veniat.
763 2179 875 2217 None
893 2193 980 2217 sane
998 2179 1144 2218 credere
1162 2179 1290 2226 Mena,

323 2230 458 2268 Mirari
475 2245 601 2269 secum
617 2232 768 2270 tacitus.
823 2231 922 2279 Quid
939 2231 1092 2271 multa?
1111 2232 1294 2283 Benigne,

324 2283 553 2334 Respondet.
607 2284 736 2335 Neget
753 2284 808 2322 illi
824 2284 950 2323 mihi?
969 2285 1099 2336 Negat
1115 2285 1308 2335 improbus
1327 2286 1366 2323 et
1383 2286 1423 2322 te

323 2336 499 2387 Negligit
517 2338 584 2375 aut
600 2337 741 2375 horret.
794 2337 990 2375 Vulteium
1007 2350 1117 2375 mane
1136 2337 1333 2388 Philippus

323 2388 423 2427 Vilia
440 2390 665 2428 vendentem
681 2390 852 2428 tunicato
871 2392 997 2428 scruta
1012 2390 1159 2441 popello

325 2441 493 2492 Occupat
510 2444 549 2480 et
567 2442 706 2480 salvere
718 2443 828 2494 jubet
845 2442 957 2493 prior.
1011 2443 1082 2481 Ille
1100 2442 1276 2493 Philippo

323 2494 513 2533 Excusare
530 2495 695 2533 laborem
713 2497 752 2533 et
769 2495 995 2533 mercenaria
1010 2495 1144 2542 vincla,

324 2547 433 2593 Quod
449 2561 526 2585 non
543 2561 652 2586 mane
670 2548 824 2586 domum
840 2548 1015 2595 venisset,
1033 2548 1202 2598 denique,
1221 2546 1321 2598 quod
1337 2559 1414 2584 non

324 2599 554 2638 Providisset
572 2614 669 2638 eum.
724 2601 784 2639 Sic
801 2600 988 2651 ignovisse
1004 2602 1140 2651 putato
