1670 2736
236 126 312 162 268
591 120 594 122 ’
648 135 826 163 nonna
843 135 1077 164 Ensmomic.

289 230 481 268 Naturam
498 230 659 281 expellas
676 231 791 277 furca,
809 232 939 268 tamen
957 243 1075 282 usque
1092 232 1272 278 recurret,

290 283 346 320 Et
363 283 463 321 mala
478 285 695 334 perrumpet
712 283 846 321 furtim
863 283 1016 321 fastidia
1032 283 1180 321 victrix.

343 336 445 383 Non,
465 336 529 387 qui
547 336 700 375 Sidonio
719 336 943 374 contendere
961 335 1117 375 callidus
1135 339 1238 374 ostro

291 389 426 427 Nescit
444 389 676 440 Aquinatem
692 389 867 440 potantia
882 389 1021 427 vellera
1037 389 1178 434 fucum,

291 441 440 479 Certius
459 442 616 493 accipiet
634 442 815 480 damnum
831 442 1030 492 propiusve
1047 441 1233 488 medullis,

292 495 414 542 Quam
432 495 497 545 qui
514 508 591 533 non
608 495 749 546 poterit
766 507 855 533 vero
874 494 1105 545 distinguere
1122 494 1270 532 falsum.

291 548 413 594 Quem
429 561 487 585 res
504 548 589 598 plus
606 547 724 586 nimio
742 547 970 586 delectavere
987 547 1181 594 secundae,

291 601 467 638 Mutatae
485 600 669 651 quatient.
724 600 764 638 Si
782 600 873 651 quid
889 600 1082 647 mirabere,
1098 613 1215 651 pones

291 653 455 691 Invitus.
510 654 618 705 Fuge
636 653 910 704 magna31icet
929 654 998 692 sub
1015 666 1176 704 paupere
1193 654 1297 691 tecto

292 706 416 756 Reges
435 708 474 744 et
491 720 626 757 regum
642 706 724 744 vita
739 719 974 757 praecurrere
992 706 1142 744 amieos.

347 758 488 797 Cervus
507 772 646 810 equum
662 773 791 820 pugna
807 759 939 797 melior
958 758 1218 797 communibus
1235 757 1361 796 herbis

293 812 474 859 Pellebat,
493 812 610 851 donec
627 812 751 850 minor
767 812 808 850 in
826 812 1029 850 certamine
1046 812 1161 863 longo

292 865 518 915 Imploravit
537 879 625 916 opes
642 865 807 903 hominis
823 865 1045 915 frenumque
1061 864 1226 915 recepit3

291 918 365 956 Sed
381 919 582 968 postquam
599 918 722 956 victor
739 918 880 956 violens
898 918 1068 956 discessit
1086 918 1133 956 ab
1151 917 1272 963 hoste,

291 971 382 1009 Non
400 971 566 1021 equitem
584 971 705 1018 dorso,
723 984 800 1010 non
817 971 965 1009 frenum
983 970 1127 1021 depulit
1145 983 1219 1008 ore.

290 1023 363 1070 Sic,
382 1025 446 1074 qui
462 1024 677 1074 pauperiem
694 1024 836 1062 veritus
853 1023 999 1075 potiore
1016 1023 1179 1061 metallis

291 1076 486 1115 Libertate
504 1079 617 1124 caret,
636 1077 831 1115 dominum
847 1077 954 1114 vehit
971 1076 1163 1126 improbus
1181 1077 1294 1126 atque

292 1129 436 1168 Serviet
454 1132 659 1177 aeternum,
678 1130 766 1180 quia
782 1143 896 1180 parvo
914 1129 1055 1167 nesciet
1072 1129 1143 1166 uti.

290 1182 362 1219 Cui
379 1196 456 1220 non
474 1183 670 1221 conveniet
688 1196 756 1220 sua
772 1196 841 1230 res,
859 1184 905 1220 ut
923 1182 1066 1220 calceus
1084 1181 1186 1228 olim,

291 1235 331 1272 Si
348 1236 442 1285 pede
458 1235 578 1286 major
595 1236 678 1282 erit,
697 1236 901 1282 subvertet,
921 1235 952 1272 si
969 1235 1103 1281 minor,
1121 1235 1218 1272 uret.

343 1288 484 1326 Laetus
502 1290 603 1326 sorte
620 1290 688 1326 tua
705 1289 808 1326 vives
827 1288 1023 1338 sapienter,
1041 1287 1174 1334 Aristi,

289 1341 371 1379 Nec
389 1355 450 1379 me
467 1341 637 1379 dimittes
653 1341 935 1391 incastigatum,
952 1340 1019 1378 ubi
1035 1339 1143 1390 plura

291 1393 433 1445 Cogere
452 1407 565 1445 quam
583 1394 674 1432 satis
692 1396 751 1432 est
769 1406 811 1431 ac
829 1406 907 1431 non
925 1406 1065 1431 cessare
1083 1392 1249 1430 videbor.

290 1447 459 1497 Imperat
478 1450 544 1485 aut
562 1447 678 1485 servit
696 1447 852 1485 collecta
867 1446 1025 1496 pecunia
1042 1445 1186 1496 cuique,

291 1499 453 1537 Tortum
471 1500 586 1551 digna
603 1499 708 1550 sequi
724 1499 851 1550 potius
869 1512 983 1549 quam
1000 1499 1133 1536 ducere
1149 1497 1290 1535 funem.

340 1553 448 1591 Haec
465 1553 538 1591 tibi
556 1553 746 1591 dictabam
763 1554 850 1603 post
867 1552 997 1590 fanum
1015 1553 1127 1602 putre
1144 1550 1332 1595 Vacunae,

290 1605 473 1656 Excepto,
492 1606 592 1657 quod
609 1619 686 1644 non
704 1605 816 1644 simul
834 1617 942 1653 esseS,
961 1607 1085 1643 cetera
1100 1604 1233 1642 laetus.
