1670 2736
686 104 814 132 GARM.
833 105 891 133 11.

481 1057 663 1096 OABMEN
681 1057 876 1096 XL——AD
897 1059 1105 1096 Pmmnm.

259 1144 378 1192 Petti‚
395 1144 492 1183 m'hjl
509 1158 571 1184 me
589 1145 689 1184 sicut
708 1147 820 1184 antea
830 1145 943 1197 juvat

309 1197 477 1254 Scribere
493 1198 696 1237 versiculos
715 1212 841 1237 amore
858 1212 1079 1250 percussum
1097 1199 1216 1250 gravi,

255 1251 407 1299 Amore,
426 1252 492 1303 qui
508 1266 570 1291 me
587 1254 736 1304 praeter
754 1266 884 1291 omnes
903 1252 1048 1303 expetit

311 1305 495 1344 Mollibus
512 1306 554 1344 in
571 1306 696 1357 pueris
715 1308 782 1344 aut
800 1306 841 1344 in
858 1306 993 1357 puellis
1011 1319 1130 1344 urere.

256 1358 336 1397 Hic
351 1359 491 1397 tertius
509 1359 730 1407 December,
749 1373 795 1398 ex
813 1374 887 1411 quo
906 1359 1039 1398 destiti

309 1412 468 1451 Inachia
484 1413 607 1452 furere
625 1413 730 1451 silvis
748 1413 931 1452 honorem
950 1413 1109 1452 decutit.

255 1465 349 1504 Heu
365 1479 438 1513 me,
456 1480 523 1517 per
540 1467 699 1514 Urbem,
716 1480 806 1505 nam
824 1467 944 1518 pudet
961 1467 1064 1505 tanti
1082 1466 1184 1513 mali,

312 1519 459 1558 Fabula
476 1522 620 1571 quanta
636 1520 713 1558 fui!
742 1520 1015 1559 Gonviviorum
1033 1523 1073 1558 et
1090 1520 1274 1571 poenitet,

258 1571 307 1610 In
326 1572 410 1623 quis
428 1576 620 1612 amantem
637 1573 798 1625 languor
815 1576 855 1612 et
874 1574 1068 1612 silentium

309 1626 453 1677 Arg-uit
470 1628 510 1665 et
527 1627 645 1665 latere
662 1627 808 1677 petitus
826 1627 904 1665 imo
923 1627 1090 1678 spiritus.

258 1678 449 1718 Contrane
466 1679 615 1718 lucrum
631 1680 687 1718 nil
704 1680 827 1719 valere
846 1680 1048 1719 candidum

311 1732 491 1784 Pauperis
508 1733 737 1785 ingenim?
765 1734 947 1785 querebar
964 1734 1164 1785 applorans
1182 1733 1265 1781 tibi,

258 1785 380 1824 Simul
397 1786 554 1826 calentis
571 1787 846 1826 inverecundus
864 1787 956 1826 deus

311 1839 528 1879 Fervidiore
545 1854 648 1879 mero
667 1854 802 1879 arcana
819 1844 1014 1892 promorat
1031 1841 1124 1880 loco.

258 1892 370 1941 Quod
383 1893 415 1931 si
432 1894 526 1932 meis
543 1894 733 1933 inaestuet
750 1895 975 1945 praecordiis
1045 1891 1048 1895 ’

311 1946 448 1986 Libera
464 1947 562 1995 bilis,
579 1950 626 1986 ut
643 1948 736 1987 haec
752 1948 906 1999 ingrata
922 1948 1048 1986 ventis
1067 1947 1212 1986 dividat

259 2000 447 2039 Fomenta
464 2001 602 2040 vulnus
619 2002 675 2040 nil
693 2001 837 2039 malum
854 2001 1031 2048 levantia,

311 2053 470 2093 Desinet
487 2055 694 2106 imparibus
714 2057 857 2094 certare
875 2057 1089 2094 summotus
1107 2055 1239 2106 pudor.

257 2107 336 2145 Ubi
353 2107 445 2146 haec
463 2122 614 2147 severus
631 2111 673 2148 te
689 2108 815 2160 palam
832 2109 1083 2156 laudaveram,

309 2160 337 2198 J
340 2174 448 2199 ussus
467 2159 569 2200 abire
587 2162 745 2201 domum
760 2163 907 2201 ferebar
925 2163 1071 2201 incerto
1088 2162 1183 2213 pede

255 2213 319 2251 Ad
336 2228 414 2253 non
431 2215 582 2263 amicos,
600 2216 696 2255 heu!
715 2216 812 2254 mihi
828 2218 957 2266 postes
975 2218 1015 2255 et
1033 2216 1129 2254 heu!

309 2267 461 2307 Limina
478 2269 583 2317 dura,
602 2269 738 2321 quibus
756 2269 906 2308 lumbos
924 2271 964 2308 et
981 2269 1119 2321 infregi
1137 2269 1248 2307 latus.

255 2320 371 2359 Nunc
389 2321 587 2372 gloriantis
606 2323 814 2374 quamlibet
831 2323 1095 2362 mulierculam

308 2374 467 2414 Vincere
484 2376 644 2415 mollitie
661 2390 767 2415 amor
786 2376 937 2428 Lycisci
955 2390 1016 2415 me
1029 2378 1149 2424 tenet,

256 2426 370 2466 Unde
388 2429 560 2479 expedire
577 2443 655 2469 non
673 2430 880 2468 amicorum
899 2432 1039 2481 queant

308 2480 446 2520 Libera
463 2483 618 2521 consilia
633 2497 702 2522 nec
721 2484 971 2522 contumeliae
989 2497 1135 2535 graves,

255 2533 329 2572 Sed
347 2534 442 2573 alius
460 2536 570 2575 ardor
588 2538 656 2575 aut
672 2536 818 2588 puellae
836 2537 1015 2575 candidae

306 2587 389 2626 Aut
406 2589 539 2628 teretis
558 2590 666 2641 pueri
682 2590 837 2641 longam
855 2590 1073 2629 renodantis
1092 2602 1250 2627 comam.

1344 100 1420 137 169
