1670 2736
287 121 364 157 214
614 140 617 142 ·
729 128 906 157 HonArn
925 129 1108 156 mmm.

341 225 540 263 Deberereb
558 224 630 261 sibi
646 223 778 270 mulba,
797 223 977 262 recidereb
995 237 1105 262 omne
1122 224 1223 275 quod
1239 224 1342 262 ulbra

340 277 556 315 Perfecbum
573 277 798 324 traheretur,
817 279 856 315 eb
873 277 915 314 in
932 290 1043 315 versu
1059 277 1228 315 faciendo

341 330 456 380 Saepe
475 332 588 380 capub
607 330 784 376 scabereb,
801 330 908 367 vivos
926 331 965 367 eb
982 330 1130 368 rodereb
1147 343 1304 381 ungues.

396 383 511 434 Saepe
529 383 660 421 sbilum
677 384 814 429 verbas,
830 382 969 420 iberum
987 396 1080 433 quae
1098 383 1213 433 dig-na
1229 383 1305 434 legi
1322 383 1411 430 sint,

341 436 566 486 Scripburus,
584 449 715 486 neque,
733 437 774 473 be
790 437 837 473 ub
853 435 1012 473 mirebur
1028 436 1152 483 turba,
1171 436 1328 483 labores

339 489 550 526 Contenbus
568 488 694 539 paucis
711 488 926 526 lectoribus.
980 488 1043 525 An
1059 490 1128 526 bua
1145 488 1297 527 demens

338 541 485 579 Vilibus
503 542 543 578 in
561 541 658 579 ludis
677 541 812 579 dicbari
829 541 993 579 carmina
1008 541 1116 579 malis
1130 540 1149 579 Ῥ

339 595 431 632 Non
451 608 543 645 ego3
570 607 659 632 nam
677 593 768 632 sabis
786 596 844 632 esb
862 594 1028 645 equibem
1045 594 1140 631 mihi
1158 594 1343 644 plaudere,

442 650 486 685 ub
504 647 636 694 audax,

338 700 576 750 Contemptis
594 699 687 747 aliis,
705 699 855 750 explosa
871 699 1082 738 Arbuscula
1099 699 1206 737 dixit.

338 753 444 790 Men'
465 755 615 791 moveab
634 752 754 791 cimex
772 752 970 799 Panbssius,
989 754 1056 790 aub
1075 753 1215 790 crueieb
1233 753 1334 803 quod

336 805 496 843 Vellieeb
514 806 706 844 absenbem
725 806 952 852 Demetrius,
971 807 1037 843 aub
1056 806 1156 856 quod
1172 805 1323 856 inepbus

339 859 507 896 Fannius
526 859 779 909 Hermogenis
796 858 920 896 laedab
939 858 1095 896 conviva
1113 858 1250 909 Tigelli
1262 858 1281 897 Ρ

339 912 487 949 Plotius
507 914 546 950 eb
564 912 711 959 Varius,
730 911 928 950 Maecenas
945 911 1211 962 Virgiliusque,

335 964 492 1015 Valgius
511 967 550 1002 eb
568 965 701 1015 probeb
719 964 810 1003 haec
828 964 1018 1011 Oefiavius‚
1037 964 1202 1014 optimus
1220 966 1333 1014 abque

337 1017 483 1055 Fuscus
502 1020 541 1056 eb
558 1018 650 1056 haec
668 1017 816 1055 ubinam
833 1017 1032 1055 Viscorum
1049 1017 1177 1055 laudeb
1194 1018 1372 1067 uberque!

337 1071 556 1109 Ambibione
573 1071 739 1122 relegaba
754 1072 795 1109 be
813 1070 933 1108 dicere
950 1083 1113 1120 possum,

337 1123 471 1170 Pollio,
489 1126 541 1170 be,
560 1124 734 1171 Messala,
752 1125 821 1161 buo
839 1136 926 1161 cum
943 1123 1058 1160 frabre
1076 1122 1259 1173 simulque

336 1176 425 1222 Vos,
445 1176 580 1214 Bibule
598 1179 637 1214 eb
656 1176 772 1223 Servi,
791 1176 903 1214 simul
919 1176 979 1214 his
996 1177 1047 1223 be,
1067 1175 1220 1213 candide
1240 1175 1371 1221 Furni,

337 1229 555 1279 Complures
574 1229 675 1275 alios,
694 1230 824 1267 docbos
842 1242 912 1280 ego
931 1242 1023 1279 quos
1041 1231 1080 1266 eb
1098 1228 1236 1266 amicos

336 1282 506 1320 Prudens
524 1285 736 1332 praebereo;
763 1282 897 1332 quibus
914 1282 1016 1328 haec,
1035 1283 1125 1319 sunb
1143 1281 1423 1331 qualiacunque,

336 1335 510 1372 Arridere
527 1335 650 1382 velim,
669 1335 864 1382 doliburus,
884 1334 915 1372 si
932 1334 1102 1385 placeanb
1120 1347 1184 1384 spe

336 1388 514 1425 Deberius
532 1390 671 1426 nosbra.
726 1387 910 1434 Demebri,
927 1389 1051 1438 teque,
1070 1386 1217 1437 Tigelli,

337 1441 616 1491 Discipularum
633 1441 733 1479 inber
744 1441 858 1492 jubeo
876 1440 1019 1491 plorare
1037 1440 1243 1478 oabhedras.

336 1493 370 1540 I,
388 1507 491 1544 puer,
510 1496 622 1544 abque
640 1507 723 1532 meo
742 1494 840 1532 cibus
857 1493 949 1531 haec
967 1492 1155 1531 subscribe
1171 1492 1308 1530 libello.
