1670 2736
299 123 376 160 196
742 133 920 160 HonA'rn
939 133 1124 161 summ.

354 227 501 265 Infesto
519 226 649 278 nigris.
704 227 803 278 Ego,
822 227 855 265 si
871 227 948 275 risi,
967 228 1069 279 quod
1085 228 1238 279 ineptus

354 279 532 318 Pastfflos
551 279 715 318 Rufillus
734 281 822 327 olet,
842 280 1056 332 Gargonius
1075 281 1234 328 hircum,

353 333 510 370 Lividus
529 334 568 371 et
586 333 742 371 mordax
759 333 888 372 videor
905 333 1010 372 tibi?
1038 334 1189 372 Mentio
1208 334 1239 372 si
1257 348 1332 385 qua

353 386 414 424 De
433 385 637 437 Capitolini
654 385 765 424 furtis
782 386 922 437 injecta
938 386 1069 425 Petilli

358 959 413 998 Te
431 973 557 998 coram
575 961 700 1008 fuerit,
719 961 905 1009 defendas,
923 965 969 1000 ut
986 965 1076 1001 tuus
1095 966 1153 1002 est
1171 977 1252 1003 mos
1268 982 1277 1003 ε

358 1013 426 1051 Me
445 1012 679 1064 Capitolinus
698 1014 911 1053 convictore
928 1029 1017 1053 usus
1036 1016 1228 1067 amicoque

358 1066 395 1103 A
412 1079 527 1116 puero
546 1069 604 1105 est
623 1080 804 1118 causaque
822 1081 906 1106 mea
922 1069 1109 1119 permulta
1126 1073 1281 1121 rogatus

360 1118 481 1165 Fecit,
500 1121 539 1157 et
557 1119 756 1158 incolumis
774 1121 893 1159 laetor
911 1122 1012 1172 quod
1028 1122 1125 1160 vivit
1142 1123 1183 1160 in
1200 1124 1314 1171 urbe;

360 1172 433 1209 Sed
450 1174 579 1210 tamen
598 1173 772 1220 admiror,
792 1187 865 1224 quo
883 1179 994 1224 pacto
1006 1175 1192 1225 judicium
1209 1176 1302 1213 fflud

360 1225 533 1275 Fugerit.
588 1226 666 1264 Hic
684 1226 813 1277 nigrae
831 1240 961 1265 succus
979 1228 1154 1278 loligimS,
1172 1229 1264 1267 haec
1283 1234 1341 1267 est

359 1278 513 1328 Aerugo
531 1291 644 1316 mera.
680 1310 683 1313 ,
700 1279 809 1326 Quod
826 1280 964 1317 vitium
980 1281 1110 1331 procul
1127 1281 1226 1319 afore
1245 1282 1396 1328 chartis,

361 1331 490 1381 Atque
508 1331 632 1373 animo
651 1332 765 1382 prius,
783 1334 828 1370 ut
847 1332 879 1370 si
897 1333 988 1383 quid
1004 1333 1225 1383 promittere
1243 1335 1289 1372 de
1307 1349 1368 1372 me

361 1383 523 1421 Possum
542 1384 643 1422 aliud
660 1398 757 1432 vere,
775 1385 970 1435 promitto.
1025 1386 1197 1424 Liberius
1215 1387 1247 1424 si

362 1436 503 1474 Dixero
523 1437 623 1487 quid,
644 1437 676 1474 si
693 1437 791 1476 forte
799 1438 974 1488 jocosius,
992 1438 1064 1477 hoc
1082 1439 1178 1476 mihi
1189 1440 1286 1490 juris

363 1489 462 1526 Cum
480 1490 589 1528 venia
607 1490 733 1528 dabis:
753 1490 918 1528 insuevit
935 1493 1043 1542 pater
1061 1492 1227 1542 optimus
1245 1493 1317 1531 hoc
1335 1507 1407 1540 me,

362 1542 420 1580 Ut
438 1543 618 1593 fugerem,
638 1543 815 1594 exemplis
833 1544 1014 1582 vitiorum
1031 1558 1198 1595 quaeque
1215 1546 1394 1583 notando.

363 1595 461 1632 Cum
478 1609 539 1634 me
556 1596 784 1643 hortaretur,
801 1609 922 1646 parce,
940 1597 1136 1648 frugaliter
1154 1600 1266 1648 atque

362 1648 539 1686 Viverem
556 1649 616 1686 uti
634 1651 836 1687 contentus
855 1663 898 1687 eo
918 1651 1018 1700 quod
1035 1650 1089 1687 mi
1106 1651 1186 1701 ipse
1203 1654 1390 1701 parasset:

362 1701 503 1739 Nonne
520 1702 635 1748 vides,
654 1702 745 1740 Albi
762 1704 808 1740 ut
825 1703 922 1740 male
939 1703 1044 1741 vivat
1062 1703 1161 1741 filius
1179 1706 1297 1754 utque

362 1754 503 1792 Barrus
516 1755 624 1805 inops
639 1754 656 1793 P
672 1755 861 1805 Magnum
874 1755 1154 1803 documentum,
1167 1770 1215 1794 ne
1225 1756 1386 1807 patriam
1397 1771 1477 1795 rem

363 1806 524 1845 Perdere
543 1807 626 1858 quis
643 1807 746 1845 velit.
801 1808 838 1844 A
855 1808 959 1859 turpi
977 1809 1182 1847 meretricis
1200 1823 1325 1847 amore

365 1859 463 1897 Cum
481 1861 707 1898 deterreret:
736 1860 888 1898 Scetani
906 1861 1095 1899 dissimilis
1113 1862 1174 1899 sis.

363 1913 426 1950 Ne
444 1926 616 1963 sequerer
633 1913 819 1960 moechas,
838 1927 1012 1952 concessa
1029 1928 1116 1952 cum
1134 1914 1279 1953 Venere
1297 1916 1356 1953 uti

364 1965 521 2003 Possem
536 1983 544 2004 ε
564 1966 750 2017 Deprensi
768 1979 845 2003 non
862 1967 960 2005 bella
977 1969 1035 2005 est
1052 1967 1153 2005 fama
1171 1967 1345 2015 Treboni,

364 2018 513 2056 Aiebat.
569 2019 735 2069 Sapiens,
754 2019 879 2057 vitatu
898 2020 1060 2070 quidque
1077 2020 1203 2071 petitu

365 2071 423 2108 Sit
442 2072 586 2114 melius,
605 2085 733 2110 causas
752 2072 883 2110 reddet
901 2073 994 2111 tibi:
1013 2073 1067 2110 mi
1085 2073 1176 2111 satis
1195 2076 1264 2120 est,
1284 2074 1315 2111 si

365 2124 566 2162 Traditum
584 2125 630 2162 ab
650 2125 814 2175 antiquis
833 2138 976 2163 morem
995 2139 1140 2164 servare
1157 2129 1348 2177 tuamque,

363 2177 469 2214 Dum
487 2178 652 2215 custodis
672 2191 769 2228 eges,
788 2177 908 2215 vitam
925 2179 1138 2229 famamque
1155 2179 1255 2217 tueri

364 2230 599 2268 Incolumem
617 2244 792 2281 possum3
812 2231 923 2268 simul
941 2245 984 2269 ac
1002 2232 1194 2269 duraverit
1212 2234 1314 2270 aetas

362 2283 538 2320 Membra
551 2283 791 2333 animumque
804 2285 926 2331 tuum,
941 2284 1046 2322 nabis
1058 2285 1138 2322 sine
1151 2285 1299 2323 cortice.
1338 2284 1398 2322 Sic
1412 2298 1472 2321 me

363 2335 569 2374 Formabat
587 2349 746 2386 puerum
764 2336 887 2384 dictis,
906 2339 945 2375 et
964 2338 1041 2375 sive
1054 2338 1224 2389 jubebat,

363 2388 422 2425 Ut
440 2389 600 2427 facerem
618 2389 729 2439 quid:
750 2389 881 2427 Habes
900 2393 1102 2436 auctorem,
1117 2404 1191 2440 quo
1209 2390 1322 2428 facias
1340 2390 1424 2436 hoc,

364 2441 495 2479 Unum
514 2455 559 2479 ex
572 2442 760 2493 judicibus
781 2443 926 2480 selectis
945 2443 1166 2493 objiciebat3

365 2494 451 2531 Sive
469 2495 645 2533 vetabat:
674 2495 738 2531 An
756 2494 828 2532 hoc
846 2495 1091 2533 inhonestum
1109 2498 1148 2533 et
1166 2495 1300 2534 inutile
1318 2496 1422 2533 factu

361 2546 402 2583 N
404 2559 493 2585 ecne
513 2548 574 2594 sit,
594 2548 802 2593 addubites,
821 2548 954 2599 flagret
973 2561 1120 2586 rumore
1138 2549 1237 2586 malo
1255 2562 1341 2586 cum

362 2599 440 2637 Hic
459 2602 572 2650 atque
590 2600 684 2639 ille?
712 2600 854 2639 Avidos
873 2601 1039 2639 vicinum
1056 2602 1168 2639 fimus
1187 2603 1226 2639 et
1244 2614 1374 2651 aegros
