1670 2736
96 2081 127 2088 ²,
95 2015 143 2070 nummus

92 2173 201 2306 ΤΔ

628 116 712 144 LIB.
732 116 762 142 1.
783 115 867 143 SAT.
886 116 927 143 V.

198 211 262 250 Ad
279 211 443 250 mediam
459 213 614 250 noctem
631 214 829 263 exspecto:
850 224 1005 250 somnus
1022 213 1153 249 tamen
1172 211 1296 250 aufert

199 265 403 303 Intentum
420 264 560 303 Veneri
575 281 584 312 3
602 267 690 303 tum
707 265 906 303 immundo
925 264 1071 302 somnia
1089 264 1175 302 visu

197 318 439 357 Nocturnam
456 320 603 357 vestem
620 319 814 357 maculant
832 320 1079 368 ventremque
1099 318 1289 369 supinum.

250 372 423 420 Quatuor
440 371 530 410 hinc
548 372 717 423 rapimur
733 372 873 423 viginti
892 374 931 410 et
949 371 1054 409 milia
1071 371 1210 418 rhedis,

198 425 373 464 Mansuri
391 425 581 476 oppidulo,
600 426 701 476 quod
717 439 829 464 versu
847 425 968 463 dicere
985 438 1064 463 non
1082 427 1152 472 est,

199 478 326 530 Signis
343 478 518 530 perfacile
536 481 616 517 est:
635 479 743 517 venit
760 479 944 517 vilissima
960 491 1087 516 rerum

198 532 278 570 Hic
296 545 414 583 aqua3
432 532 499 571 sed
515 532 623 583 panis
639 533 753 584 longe
770 532 1056 583 pulcherrimus,
1074 532 1177 571 ultra

199 585 365 623 Callidus
383 587 429 624 ut
448 586 566 624 soleat
583 586 751 624 humeris
770 588 919 637 portare
937 585 1061 623 viator
1077 602 1086 633 ;

198 639 303 677 Nam
322 638 463 678 Canusi
478 639 680 690 lapidosus,
698 653 815 691 aquae
832 653 910 678 non
928 638 1043 677 ditior
1055 653 1151 677 urna

199 692 274 739 Qui
291 692 395 731 locus
414 706 437 731 a
453 693 545 731 forti
562 693 747 731 Diomede
766 695 825 731 est
843 692 1018 731 conditus
1037 692 1138 730 olim.

199 745 400 784 Flentibus
417 746 507 784 hinc
525 746 662 784 Varius
681 746 840 785 discedit
858 748 1025 784 maestus
1043 746 1185 784 amicis.

255 799 351 838 Inde
370 799 502 838 Rubos
520 799 608 838 fessi
625 800 875 851 pervenimus,
894 801 1030 850 utpote
1048 799 1208 851 longum

200 852 405 904 Carpentes
423 853 501 891 iter
514 855 554 891 et
572 853 718 891 factum
736 853 949 914 corruptius
967 853 1092 891 imbri.

199 906 358 945 Postera
374 909 580 958 tempestas
598 907 742 953 melior,
761 907 823 945 via
840 907 944 958 pejor
962 906 1010 944 ad
1028 920 1147 957 usque

200 959 291 997 Bari
309 960 458 999 moenia
473 960 632 1011 piscosi3
651 960 738 999 dein
757 960 900 998 Gnatia
918 960 1105 1011 Lymphis

200 1013 316 1052 Iratis
334 1016 528 1052 exstructa
545 1013 650 1052 dedit
668 1014 840 1065 risusque
852 1014 1045 1065 jocosque,

199 1066 305 1104 Dum
321 1066 474 1105 flamma
491 1067 571 1105 sine
588 1067 706 1105 thura
722 1067 924 1118 liquescere
942 1067 1073 1105 limine
1092 1081 1196 1105 sacro

199 1119 426 1159 Persuadere
444 1120 561 1171 cupit.
616 1120 757 1159 Credat
776 1121 804 1158 J
805 1121 946 1159 udaeus
964 1121 1110 1172 Apella,

197 1173 289 1211 Non
307 1187 377 1225 ego
393 1191 401 1212 :
420 1187 583 1225 namque
602 1174 690 1213 deos
709 1174 823 1212 didici
841 1188 1013 1213 securum
1032 1188 1141 1226 agere
1160 1188 1305 1220 aevum,

197 1226 293 1274 Nec,
312 1227 344 1265 si
362 1227 454 1279 quid
471 1227 558 1266 miri
575 1228 691 1266 faciat
709 1230 858 1275 natura,
877 1228 966 1266 deos
985 1228 1027 1265 id

198 1279 342 1319 Tristes
360 1294 406 1319 ex
424 1281 502 1319 alto
521 1281 613 1320 caeli
631 1282 832 1320 demittere
850 1283 966 1320 tecto.

197 1333 444 1372 Bnmdisium
461 1335 596 1387 longae
614 1335 701 1373 finis
720 1335 946 1386 chartaeque
963 1335 1119 1386 viaeque
1137 1337 1207 1373 est.

1338 106 1415 143 201
