1670 2736
673 112 852 142 Hommn
870 113 1074 145 ommim.

453 205 509 244 Te
526 218 672 257 semper
689 207 810 247 anteit
828 221 938 248 saeva
954 210 1182 261 Necessitas,

453 257 588 297 Olavos
605 259 767 299 trabales
785 262 824 300 et
842 275 978 302 cuneos
996 277 1112 303 manu

503 310 666 350 Gestans
683 317 787 361 aena,
804 327 873 353 nec
890 328 1039 355 severus

554 364 686 403 Uncus
704 367 810 405 abest
827 367 1084 420 liquidumque
1100 370 1309 421 plumbum.

452 450 506 489 Te
525 450 617 502 Spes
634 453 674 490 et
691 452 776 491 albo
793 466 878 492 rara
895 454 1009 493 Fides
1027 456 1118 495 colit

450 503 586 542 Velata
601 517 726 555 panno
743 519 811 545 nec
829 507 1008 546 comitem
1025 509 1200 561 abnegat,

502 556 707 608 Utcunque
723 561 874 598 mutata
890 562 1064 611 potentes

552 609 670 649 Veste
687 610 817 650 domos
834 612 988 652 inimica
1003 614 1153 666 linquis.

449 695 505 733 At
522 695 659 747 vulgus
676 696 837 736 infidum
855 700 895 737 et
913 700 1093 739 meretrix
1109 703 1211 741 retro

449 747 605 799 Peljura
622 749 734 798 cedit,
752 751 958 802 diffugiunt
976 754 1078 792 cadis

500 800 599 840 Cum
616 802 716 842 faece
734 803 882 843 siccatis
901 805 1012 844 amici

552 855 667 894 Ferre
677 855 817 908 jugum
833 857 974 909 pariter
992 858 1122 898 dolosi.

447 939 578 980 Serves
594 941 740 980 iturum
757 942 954 982 Caesarem
970 944 1012 982 in
1027 944 1183 984 ultimos

447 992 558 1032 Orbis
577 994 783 1034 Britannos
802 998 841 1034 et
853 996 1038 1048 juvenum
1053 1011 1181 1037 recens

497 1046 669 1086 Examen
686 1048 779 1087 Eois
795 1049 1009 1088 timendum

549 1099 728 1140 Partibus
748 1101 970 1154 Oceanoque
986 1103 1112 1142 rubro.

444 1185 557 1224 Eheu
574 1186 792 1226 cicatricum
810 1190 850 1227 et
869 1189 1014 1228 sceleris
1032 1189 1151 1241 pudet

444 1238 709 1291 Fratrumque.
763 1241 865 1289 Quid
880 1256 949 1280 nos
967 1243 1061 1281 dura
1076 1242 1281 1295 refilgimus

495 1292 646 1332 Aetas?
673 1293 764 1344 quid
780 1294 970 1333 intactum
985 1295 1126 1334 nefasti

547 1345 777 1397 Liquimus?
803 1348 903 1386 unde
919 1361 1075 1387 manum
1087 1348 1268 1400 juventus

445 1430 559 1469 Metu
576 1431 731 1470 deorum
749 1433 970 1473 continuit?
997 1434 1132 1485 quibus

445 1483 618 1534 Pepercit
636 1485 741 1524 aris?
769 1486 802 1524 Ο
820 1487 969 1525 utinam
986 1501 1085 1526 nova

495 1536 639 1576 Incude
657 1538 828 1590 diffingas
846 1542 1017 1578 retusum
1034 1540 1076 1578 in

548 1590 786 1643 Massagetas
804 1592 1022 1644 Arabasque
1038 1593 1199 1632 ferrum!
