1670 2736
599 114 685 143 m.
703 115 753 143 Π.
773 115 859 144 SA'r.
878 80 947 142 111.
1128 85 1129 88 ¹
1330 104 1408 142 225

189 206 340 248 Hortos
356 209 600 262 egregiasque
617 210 749 250 domos
766 211 966 250 mercarier
982 223 1081 249 unus
1116 263 1125 271 ο

189 260 290 301 Cum
305 262 412 302 lucro
428 276 585 312 noram3
611 264 712 303 unde
728 264 942 316 frequentia
958 263 1186 303 Mercuriale

149 324 152 325 ’
188 313 410 367 Imposuere
420 316 524 355 mhi
541 331 752 369 cognomen
770 318 948 370 compita.
1002 317 1119 364 Novi,

188 367 245 407 Et
262 369 380 408 miror
395 371 520 410 morbi
535 373 745 423 purgatum
760 373 802 411 te
818 372 932 410 illius.
987 371 1111 423 Atqui

187 421 348 462 Emovit
364 426 533 463 veterem
549 424 644 463 mire
661 439 794 473 novus,
811 428 857 464 ut
875 425 985 473 solet,
1002 425 1044 463 in
1062 438 1126 463 cor

187 474 363 528 Trajwto
379 477 511 516 lateris
526 478 655 517 miseri
672 479 854 530 capitisve
871 479 1011 526 dolore,

186 527 246 567 Ut
263 529 495 582 lethargicus
512 531 576 570 hic
594 545 682 571 cum
699 533 746 571 fit
763 532 872 584 pugil
889 535 929 571 et
946 532 1138 571 medicum
1154 532 1279 582 urget.

182 581 294 621 'Dum
311 596 360 622 ne
378 584 470 636 quid
486 585 610 624 simile
627 586 728 634 huic,
747 588 829 625 esto
847 588 893 625 ut
910 586 1016 624 libet.
1071 585 1105 623 O
1123 585 1233 632 bone,
1251 596 1299 622 ne
1316 585 1357 621 te

186 634 408 685 Frustrere3
434 638 576 677 insanis
593 641 634 677 et
651 641 699 678 tu
716 640 900 691 stultique
917 653 1033 691 prope
1051 652 1194 686 omnes,

185 688 225 726 Si
243 689 336 741 quid
353 690 560 730 Stertinius
577 693 657 731 veri
675 696 815 744 crepat,
833 694 934 732 unde
951 707 1023 745 ego
1040 692 1138 730 mira

184 742 378 795 Descripsi
394 744 526 784 docilis
543 748 743 798 praecepta
759 747 863 794 haec,
881 749 1052 798 tempore
1070 760 1145 797 quo
1162 759 1223 783 me

183 795 336 835 Solatus
347 797 464 849 jussit
481 799 690 851 sapientem
707 814 857 851 pascere
874 801 1031 839 barbam
1091 853 1099 860 ι

182 850 313 901 Atque
331 864 354 889 a
371 851 546 891 Fabricio
562 867 642 892 non
657 853 810 892 tristem
827 856 945 905 ponte
961 855 1113 892 reverti.

182 902 225 941 N
224 916 287 941 am
303 905 402 944 male
419 918 460 944 re
477 908 587 957 gesta
604 920 693 945 cum
709 908 847 947 vellem
863 907 1018 946 mittere
1037 908 1168 958 operto

167 1969 236 2008 Me
254 1971 377 2022 capite
393 1971 435 2010 in
451 1972 605 2022 flumen,
623 1975 756 2015 dexter
773 1979 884 2018 stetit
902 1983 955 2028 et,
973 1981 1074 2020 Cave
1092 1982 1187 2020 faxis

167 2022 223 2062 Te
240 2024 445 2077 quidquam
462 2026 686 2079 indignum3
712 2032 845 2082 pudor,
864 2033 1001 2085 inquit,
1019 2038 1060 2074 te
1079 2036 1200 2074 malus
1219 2036 1339 2087 angit,

167 2076 327 2116 Insanos
345 2079 410 2130 qui
426 2079 529 2119 inter
545 2095 694 2122 vereare
711 2084 865 2125 insanus
884 2087 1026 2127 haberi.

167 2129 342 2170 Primum
358 2146 448 2171 nam
465 2133 665 2186 inquiram,
684 2138 776 2188 quid
794 2139 845 2178 sit
863 2140 1007 2180 furere:
1036 2143 1109 2181 hoc
1128 2143 1161 2180 si
1179 2143 1252 2181 erit
1270 2143 1310 2181 in
1328 2145 1368 2181 te

165 2183 264 2231 Solo,
282 2185 338 2223 nil
354 2187 470 2234 verbi,
488 2201 616 2239 pereas
634 2190 727 2241 quin
744 2192 907 2241 fortiter,
926 2195 1075 2234 addam.

165 2237 287 2284 Quem
304 2239 405 2278 mala
421 2241 589 2281 stultitia
606 2245 646 2282 et
664 2258 926 2299 quemcunque
944 2248 1097 2288 inscitia
1114 2250 1193 2288 veri

163 2289 327 2330 Caecum
345 2293 438 2345 agit,
455 2294 632 2334 insanum
650 2297 854 2352 Chrysippi
870 2302 1040 2352 porticus
1060 2306 1099 2342 et
1117 2317 1210 2354 grex

162 2343 366 2384 Autumat.
403 2347 512 2387 Haec
529 2350 698 2401 populos,
717 2351 810 2392 haec
828 2367 987 2406 magnos
1005 2357 1170 2395 formula
1188 2370 1305 2407 regeS‚

161 2397 335 2449 Excepto
353 2400 533 2451 sapiente,
552 2405 670 2443 tenet.
725 2406 842 2446 Nunc
860 2409 997 2460 accipe,
1019 2423 1134 2461 quare

160 2450 362 2502 Desipiant
380 2466 511 2493 omnes
529 2469 645 2508 aeque
663 2472 706 2497 ac
724 2461 781 2507 tu,
801 2461 866 2512 qui
884 2462 958 2500 tibi
975 2477 1117 2502 nomen

159 2503 301 2544 Insano
318 2519 486 2557 posuere.
541 2509 658 2549 Velut
676 2512 792 2560 silvis,
810 2515 876 2553 ubi
893 2516 1035 2566 passim

157 2555 337 2597 Palantes
356 2573 459 2599 error
477 2564 580 2601 certo
599 2563 645 2603 de
663 2567 820 2606 tramite
838 2569 959 2619 pellit,

156 2609 229 2649 Ille
241 2611 518 2664 sinistrorsum,
536 2616 599 2655 hio
618 2618 858 2659 dextrorsum
877 2622 979 2661 abit:
1008 2637 1106 2662 unus
1126 2625 1277 2675 utrique

710 2684 735 2718 Q
