1670 2736
285 112 362 148 256
700 121 877 150 nomam
894 122 1127 150 musti-omn.

598 1025 805 1064 Emsvrom
822 1025 998 1063 IL-An
1017 1025 1223 1064 LOLLIUM.

340 1112 492 1162 Trojani
509 1112 596 1150 belli
615 1113 844 1162 scriptorem,
862 1112 1022 1150 maxime
1041 1112 1150 1158 Lolli,

340 1166 445 1202 Dum
462 1168 508 1202 tu
526 1165 709 1203 declamas
729 1165 885 1212 Romae,
905 1165 1106 1203 Praeneste
1123 1164 1260 1214 relegi3

340 1218 425 1265 Qui,
445 1218 534 1267 quid
553 1218 603 1255 sit
621 1218 832 1268 pulchrum,
851 1218 941 1267 quid
958 1220 1079 1267 turpe,
1099 1217 1189 1267 quid
1205 1217 1311 1263 utile,
1330 1218 1420 1267 quid
1437 1232 1523 1265 non,

340 1271 495 1308 Planius
514 1284 556 1308 ac
574 1271 706 1308 melius
726 1270 937 1321 Chrysippo
956 1272 994 1308 et
1014 1270 1194 1308 Crantore
1212 1270 1315 1308 dicit.

340 1323 417 1360 Cur
434 1324 489 1361 ita
507 1323 735 1369 crediderim,
754 1323 826 1361 nisi
844 1323 934 1372 quid
951 1325 990 1361 te
1009 1323 1164 1369 detinet,
1183 1323 1280 1360 audi.

393 1377 546 1422 Fabula,
566 1390 639 1426 qua
657 1376 802 1413 Paridis
819 1378 972 1426 propter
989 1379 1162 1413 narratur
1179 1389 1343 1414 amorem

340 1429 495 1467 Graecia
512 1429 711 1467 Barbariae
728 1429 831 1467 lento
851 1428 977 1466 collisa
994 1428 1129 1474 duello,

340 1483 554 1520 Stultorum
571 1496 702 1532 regum
722 1484 761 1519 et
779 1481 1003 1532 populorum
1020 1481 1190 1519 continet
1208 1483 1344 1519 aestus.

339 1536 512 1573 Antenor
530 1537 655 1573 censet
672 1534 763 1572 belli
779 1534 991 1585 praecidere
1009 1547 1170 1571 causam.

340 1588 439 1635 Quid
458 1588 563 1626 Paris
578 1587 594 1627 P
623 1588 681 1626 Ut
699 1588 822 1626 salvus
840 1589 972 1637 regnet
990 1587 1166 1636 vivatque
1183 1586 1327 1633 beatus,

340 1641 435 1691 Cogi
453 1655 560 1691 posse
578 1643 703 1691 negat.
758 1640 902 1678 Nestor
919 1653 1139 1689 componere
1156 1639 1243 1677 lites

340 1694 448 1732 Inter
467 1694 621 1732 Peliden
639 1693 794 1732 festinat
812 1695 850 1731 613
869 1693 969 1730 1111361·
987 1692 1169 1738 Atriden3

339 1745 456 1784 Hunc
475 1760 589 1793 amor,
608 1747 663 1784 ira
681 1746 831 1796 quidem
850 1745 1098 1783 comuniter
1115 1745 1193 1782 urit
1211 1747 1424 1794 utrumque.

340 1800 530 1849 Quidquid
548 1800 707 1837 delirant
726 1812 842 1849 reges,
861 1799 1078 1848 plectuntur
1095 1798 1243 1835 Achivi.

340 1852 540 1898 Seditione,
561 1853 666 1899 dolis,
685 1852 819 1890 scelere
837 1854 950 1900 atque
966 1851 1120 1889 libidine
1138 1853 1177 1888 et
1194 1850 1250 1888 ira

340 1905 476 1942 Iliacos
494 1906 595 1943 intra
612 1919 738 1943 muros
756 1906 930 1954 peccatur
948 1906 987 1941 et
1005 1906 1120 1941 extra.

391 1958 549 2005 Rursus,
569 1958 660 2008 quid
676 1958 797 1995 virtus
816 1959 854 1995 et
873 1957 963 2006 quid
981 1956 1162 2006 sapientia
1178 1956 1308 2006 possit,

340 2010 447 2048 Utile
465 2011 659 2061 proposuit
678 2010 784 2048 nobis
804 2010 989 2059 exemplar
1007 2009 1157 2055 Ulixen,

340 2064 414 2110 Qui
433 2064 596 2101 domitor
615 2063 747 2113 Trojae
765 2062 973 2100 multorum
990 2062 1166 2111 providus
1184 2062 1293 2099 urbes

339 2117 395 2153 Et
414 2130 534 2154 mores
553 2116 749 2154 hominum
766 2115 940 2165 inspexit,
958 2115 1151 2163 latumque
1168 2127 1234 2163 per
1252 2126 1398 2163 aequor,

340 2169 445 2206 Dum
464 2169 544 2215 sibi,
564 2169 654 2206 dum
673 2168 780 2206 sociis
798 2168 962 2205 reditum
978 2169 1097 2217 parat,
1116 2180 1244 2216 aspera
1262 2166 1382 2204 multa

341 2221 517 2269 Pertulit,
537 2222 698 2259 adversis
717 2234 842 2258 rerum
859 2220 1116 2257 immersabilis
1135 2219 1256 2257 undis.

341 2275 514 2312 Sirenum
531 2287 639 2312 voces
658 2276 697 2312 et
716 2273 843 2311 Circae
860 2273 993 2322 pocula
1009 2272 1109 2310 nosti
1123 2288 1132 2318 3

341 2328 444 2374 Quae
462 2328 494 2365 si
512 2341 598 2365 cum
617 2327 723 2364 sociis
742 2326 882 2363 stultus
901 2325 1130 2375 cupidusque
1147 2325 1313 2370 bibisset,

341 2380 419 2417 Sub
438 2380 590 2418 domina
606 2379 799 2417 meretrice
817 2379 948 2416 fuisset
966 2378 1088 2428 turpis
1107 2380 1146 2415 et
1165 2390 1302 2423 excors,

340 2433 506 2470 Vixisset
525 2433 625 2470 canis
643 2432 858 2469 immundus
875 2431 935 2469 vel
953 2431 1071 2468 amica
1087 2431 1170 2467 luto
1189 2443 1263 2467 sus.

341 2486 423 2523 Nos
442 2499 618 2523 numerus
638 2499 765 2523 sumus
784 2486 822 2522 et
841 2484 966 2534 fruges
986 2496 1201 2521 consumere
1219 2481 1312 2528 nati,

341 2538 476 2588 Sponsi
494 2539 712 2588 Penelopae,
731 2537 944 2583 nebulones,
963 2536 1183 2585 Alcinoique

342 2591 391 2628 In
409 2593 494 2630 cute
514 2592 675 2629 curanda
691 2590 774 2641 plus
793 2603 908 2640 aequo
927 2591 1079 2639 operata
1090 2588 1282 2639 juventus,
