1670 2736
538 150 540 152 ,
562 126 649 156 ΠΒ.
667 126 699 154 1.
717 125 848 154 nrrsr.
867 125 954 154 xv1.
1318 114 1396 153 275

172 223 290 274 Quod
305 236 369 263 me
384 221 561 262 Lucanae
573 223 754 275 juvenem
771 221 1012 261 commendet
1026 220 1168 259 amicae
1181 238 1190 268 ;

174 277 340 318 Tractus
356 278 444 316 uter
460 276 586 328 plures
603 276 761 328 lepores,
778 277 866 314 uter
882 275 1019 314 educet
1036 287 1158 325 apros,

176 331 280 370 Utra
294 330 418 383 magis
435 330 556 382 pisces
574 332 614 369 et
632 329 785 368 echinos
804 341 967 380 aequora
983 327 1119 375 celent,

214 385 223 394 ’
309 384 318 394 '
356 385 403 423 ut
419 383 508 423 inde
526 383 684 423 domum
699 382 844 434 possim
860 381 1087 433 Phaeaxque
1105 381 1256 429 reverti,

175 438 348 477 Scribere
363 439 406 476 te
423 437 545 485 nobis,
562 437 637 476 tibi
653 450 723 476 nos
741 436 934 475 accredere
950 449 1019 487 par
1037 437 1108 474 est.

231 491 420 539 Maenius,
437 493 484 530 ut
501 491 613 529 rebus
630 489 812 529 maternis
827 491 941 540 atque
958 488 1127 540 paternis

178 545 352 584 Fortiter
368 544 581 596 absumptis
598 544 767 582 urbanus
786 543 911 594 coepit
928 542 1071 589 haberi,

176 599 317 637 Scurra
331 611 465 650 vagus,
482 611 561 636 non
579 597 645 649 qui
661 599 811 636 certum
827 609 1004 648 praesepe
1021 597 1182 644 teneret,

178 652 403 704 Impransus
419 664 498 690 non
515 651 582 703 qui
599 651 721 690 civem
738 651 976 702 dignosceret
993 649 1117 696 hoste,

176 705 380 753 Quaelibet
395 705 438 743 in
455 705 626 756 quemvis
645 703 845 755 opprobria
861 704 1004 755 fingere
1022 716 1167 750 saevus,

179 758 370 798 Pernicies
388 761 429 798 et
445 760 653 810 tempestas
671 758 969 808 barathrumque
987 756 1148 804 macelli,

177 811 375 864 Quidquid
392 811 614 863 quaesierat,
632 811 759 850 ventri
777 811 944 849 donabat
963 823 1088 848 avaro.

179 865 272 913 Hie,
290 865 358 909 ubi
373 865 564 917 nequitiae
581 864 793 903 fautoribus
812 866 852 903 et
870 864 1017 902 timidis
1035 863 1091 902 nil

179 919 264 958 Aut
281 918 438 970 paulum
455 918 675 966 abstulerat,
693 918 843 969 patinas
863 918 1046 956 coenabat
1064 917 1194 965 omasi,

179 971 280 1011 Vilis
296 973 338 1011 et
353 971 526 1024 agninae,
543 972 668 1011 tribus
686 971 784 1010 ursis
804 972 906 1023 quod
922 971 1017 1010 satis
1037 973 1137 1009 esset
1151 987 1160 1019 3

180 1025 333 1065 Scilicet
349 1027 396 1064 ut
411 1027 564 1064 ventres
582 1025 711 1064 lamna
727 1025 912 1064 candente
929 1027 1115 1075 nepotum

181 1078 339 1119 Diceret
353 1078 527 1127 urendos,
546 1081 736 1118 corrector
754 1078 921 1117 Bestius.
968 1078 1079 1117 Idem

179 1131 375 1184 Quidquid
390 1134 473 1171 erat
489 1134 626 1171 nactus
643 1132 803 1184 praedae
820 1131 985 1183 majoris,
1004 1131 1070 1170 ubi
1088 1145 1200 1170 omne

179 1185 417 1225 Verterat'in
434 1186 585 1224 fumum
602 1187 642 1224 et
661 1186 836 1234 cinerem,
855 1186 949 1224 Non
966 1185 1118 1224 hercule
1135 1185 1263 1233 miror,

180 1238 332 1287 Aiebat,
350 1239 384 1277 si
401 1239 467 1291 qui
485 1240 692 1278 comedunt
709 1239 821 1287 bona,
840 1252 929 1277 cum
947 1239 1000 1278 cit
1018 1239 1132 1278 obeso

178 1291 251 1330 Nil
266 1292 402 1332 melius
418 1293 546 1341 turdo,
564 1293 620 1331 nil
636 1293 751 1331 vulva.
767 1292 962 1344 pulchrius
980 1292 1117 1344 ampla.

179 1345 377 1385 Nimirum
394 1346 458 1385 hic
476 1360 548 1398 ego
568 1360 676 1394 sum;
702 1360 794 1385 nam
810 1348 900 1385 tuta
917 1348 957 1385 et
975 1346 1133 1397 parvula
1149 1346 1273 1393 laudo,

178 1398 281 1437 Cum
297 1413 357 1439 res
375 1399 571 1448 deficiunt,
589 1400 683 1439 satis
702 1400 804 1438 inter
821 1400 913 1438 vilia
929 1400 1039 1438 fortis
1053 1417 1062 1447 3

178 1451 335 1500 Verum,
353 1453 420 1492 ubi
438 1453 531 1505 quid
546 1453 682 1492 melius
700 1453 893 1505 contingit
911 1455 951 1492 et
968 1453 1134 1501 unctius,
1153 1453 1255 1492 idem

178 1505 259 1544 Vos
277 1519 407 1558 sapere
425 1509 465 1545 et
483 1507 582 1546 solos
601 1507 660 1546 aio
678 1507 773 1546 bene
790 1507 929 1554 vivere,
948 1521 1110 1558 quorum

179 1558 423 1611 Conspicitur
441 1560 574 1599 nitidis
592 1561 753 1599 fundata
769 1560 930 1612 pecunia
947 1560 1060 1598 villis.

389 1829 601 1869 EPIs'rom
627 1829 860 1869 XVI.—A1)
879 1831 1140 1878 Qumcrnm.

177 1914 241 1953 Ne
258 1915 502 1966 perconteris,
519 1916 661 1955 fundus
679 1931 798 1966 meus,
817 1917 961 1969 optime
980 1918 1149 1966 Quincti,

177 1969 282 2007 Arvo
300 1971 431 2020 pascat
448 1969 585 2018 herum
602 1984 652 2009 an
669 1971 792 2010 baccis
812 1971 1010 2022 opulentet
1029 1971 1161 2011 olivae.

178 2021 357 2061 Pomisne
375 2026 415 2061 et
433 2024 564 2075 pratis,
583 2037 633 2062 an
651 2025 791 2063 amicta
807 2025 951 2064 vitibus
969 2025 1086 2072 ulmo,

177 2075 372 2114 Scribetur
388 2076 463 2116 tibi
479 2077 601 2116 forma
617 2078 826 2129 loquaciter
844 2081 884 2117 et
902 2079 999 2117 situs
1018 2078 1111 2130 agri

231 2128 415 2168 Continui
432 2133 594 2179 montes,
612 2131 655 2170 ni
672 2132 922 2170 dissocientur
940 2145 1057 2183 opaca

178 2181 297 2230 Valle,
316 2183 382 2222 sed
398 2185 444 2222 ut
462 2184 616 2223 veniens
634 2185 812 2223 dextrum
829 2185 931 2224 latus
951 2186 1134 2236 adspiciat
1153 2186 1230 2233 Sol,

178 2235 349 2274 Laevum
368 2236 562 2277 discedens
580 2252 694 2277 curru
711 2239 883 2290 fugiente
899 2242 1070 2290 vaporet.

177 2288 417 2340 Temperiem
434 2291 574 2330 laudes.
629 2292 742 2340 Quid,
762 2292 794 2330 si
811 2293 1023 2331 rubicunda
1039 2293 1196 2344 benigni

178 2341 305 2380 Corna
321 2356 453 2394 vepres
471 2346 512 2383 et
529 2358 651 2396 pruna.
668 2345 824 2385 ferant?
845 2346 877 2385 si
895 2359 1054 2398 quercus
1072 2348 1112 2385 et
1130 2346 1204 2384 ilex

179 2394 311 2434 Multa
326 2396 436 2448 fruge
453 2410 578 2448 pecus,
596 2399 720 2438 multa
737 2399 934 2438 dominum
946 2399 1058 2451 juvet
1076 2398 1243 2438 umbra?

180 2448 296 2487 Dicas
314 2449 523 2489 adductum
539 2452 692 2503 propius
710 2452 884 2491 frondere
903 2453 1124 2492 Tarentum.

180 2501 284 2540 Fons
303 2503 421 2541 etiam
437 2504 519 2543 rivo
538 2505 626 2544 dare
643 2519 783 2544 nomen
800 2506 968 2553 idoneus,
987 2508 1033 2544 ut
1050 2519 1121 2544 nec

179 2554 372 2606 Frigidior
390 2556 579 2596 Thracam
595 2572 665 2597 nec
681 2559 811 2610 purior
828 2560 972 2598 ambiat
990 2559 1156 2607 Hebrus,

180 2607 342 2649 Infirmo
361 2611 478 2663 capiti
494 2611 582 2650 fluit
599 2612 717 2662 utilis,
735 2613 841 2652 utilis
861 2613 957 2652 alvo.
