1670 2736
688 104 815 133 CABM.
834 106 919 134 XVI.

344 1395 524 1435 CARMEN
542 1398 774 1438 XVI.—AD
794 1413 993 1440 POPULUM
1014 1402 1251 1440 ROMANUM.

265 1483 400 1522 Altera
413 1483 495 1535 jam
512 1485 652 1523 teritur
670 1486 777 1525 bellis
796 1488 969 1527 civilibus
988 1493 1103 1537 aenas,

318 1536 404 1574 Suis
423 1539 463 1575 et
480 1537 563 1588 ipsa
581 1538 707 1577 Roma
724 1541 867 1579 viribus
886 1543 986 1580 ruit:

267 1590 390 1637 Quam
408 1603 532 1641 neque
550 1591 706 1630 finitimi
724 1594 924 1633 valuerunt
943 1597 1096 1646 perdere
1116 1596 1237 1634 Marsi

320 1643 485 1682 Minacis
504 1647 572 1682 aut
590 1645 757 1685 Etrusca
775 1647 963 1687 Porsenae
982 1663 1128 1696 manuS,

266 1696 429 1734 Aemula
445 1710 514 1735 nec
532 1698 655 1737 virtus
675 1699 825 1750 Capuae
843 1715 912 1740 nec
932 1703 1134 1753 Spartacus
1154 1717 1237 1742 acer

318 1749 516 1801 Novisque
533 1752 644 1790 rebus
662 1753 823 1792 infidelis
843 1755 1036 1804 Allobrox,

265 1802 350 1840 Nec
369 1803 447 1841 fera
464 1805 634 1843 caerulea
651 1806 801 1858 domuit
821 1808 1025 1848 Germania
1042 1811 1141 1861 pube

319 1856 620 1909 Parentibusque
638 1860 878 1899 abominatus
898 1863 1105 1912 Hannibal,

264 1908 392 1960 Impia
408 1911 608 1961 perdemus
627 1913 755 1952 devoti
774 1917 968 1966 sanguinis
988 1921 1102 1965 aetas,

319 1963 500 2015 Ferisque
517 1979 647 2004 rursus
665 1969 911 2019 occupabitur
929 1971 1063 2009 solum.

265 2016 458 2055 Barbarus
476 2018 551 2057 heu
570 2019 710 2059 cineres
729 2022 881 2061 insistet
899 2024 1022 2062 victor
1041 2028 1080 2063 et
1100 2025 1245 2063 Urbem

318 2070 447 2121 Eques
466 2076 625 2112 sonante
644 2075 856 2114 verberabit
875 2078 1030 2128 tmgula,

265 2123 442 2174 Quaeque
460 2128 589 2164 carent
606 2128 732 2166 ventis
751 2132 790 2167 et
809 2130 950 2168 solibus
969 2146 1053 2170 ossa
1071 2133 1230 2180 Quirini,

317 2177 435 2215 Nefas
454 2178 600 2218 videre!
621 2181 819 2232 dissipabit
837 2184 1013 2223 insolens.
1249 2220 1260 2226 ,,

265 2229 382 2269 Forte
396 2231 488 2282 quid
501 2234 674 2283 expediat
688 2237 943 2276 communiter
956 2242 1023 2277 aut
1037 2240 1170 2278 melior
1183 2253 1268 2290 pars

316 2283 431 2322 Malis
450 2298 572 2324 carere
590 2289 769 2338 quaeritis
788 2290 998 2330 laboribus:

265 2335 385 2375 Nulla
404 2337 454 2375 sit
472 2338 543 2377 hac
560 2341 687 2390 potior
706 2345 906 2391 sententia,
926 2345 1186 2384 Phocaeorum

317 2389 434 2429 Velut
452 2393 622 2444 profugit
641 2400 833 2435 exsecrata
850 2398 983 2436 civitas

265 2443 391 2493 Agros
410 2447 523 2495 atque
542 2446 658 2486 Lares
676 2450 818 2499 patrios
837 2451 1117 2504 habitandaque
1131 2453 1218 2490 fana

318 2496 434 2547 Apris
453 2499 605 2550 reliquit
623 2503 663 2539 et
681 2504 876 2553 rapacibus
895 2505 1005 2556 lupis,

264 2548 327 2587 Ire
344 2551 457 2600 pedes
477 2566 699 2605 quocunque
716 2556 849 2604 ferent,
865 2571 1087 2609 quocunque
1106 2573 1172 2609 per
1193 2559 1310 2596 undas

315 2603 446 2642 Notus
464 2606 614 2645 vocabit
633 2611 700 2647 aut
718 2614 916 2660 protervus
936 2613 1098 2650 Africus.

1364 102 1440 140 1¹73
