1670 2736
288 121 367 158 290
588 156 591 158 .
698 130 874 158 nomem
891 126 1123 159 Ens’rom.

393 226 466 264 Sed
483 229 573 265 tuus
591 226 653 264 hic
670 225 841 276 populuS,
859 226 1005 276 sapiens
1023 228 1062 264 et
1075 226 1203 277 justus
1219 226 1260 264 in
1278 239 1366 274 uno,

340 279 395 317 Te
412 280 552 318 nostris
570 279 738 325 ducibus,
755 281 796 316 te
815 278 925 317 Grais
944 278 1195 326 anteferendo,

341 332 475 370 Cetera
492 345 728 383 nequaquam
746 331 861 369 simili
878 331 1022 370 ratione
1039 331 1225 382 modoque

340 385 530 423 Aestimat
549 388 599 432 et,
618 384 690 422 nisi
708 397 801 434 quae
819 385 929 422 terris
948 386 1092 422 semota
1110 384 1259 434 suisque

341 438 586 489 Temporibus
605 438 782 476 defuncta
798 437 913 484 videt,
932 437 1079 475 fastidit
1097 439 1136 475 et
1154 437 1247 483 odit,

341 491 402 529 Sic
419 491 544 529 fautor
562 492 744 536 veterum,
762 491 807 527 ut
825 490 973 528 tabulas
990 503 1140 540 peccare
1158 492 1342 536 vetantes,

342 545 442 591 Quas
460 544 517 582 bis
536 543 699 594 quinque
716 542 787 580 viri
806 544 1020 590 sanxerunt,
1038 543 1186 581 foedera
1202 556 1242 581 re

341 597 413 635 Vel
431 597 560 635 Gabiis
578 596 639 634 vel
656 609 742 634 cum
760 595 891 646 rigidis
910 598 1068 646 aequata
1085 595 1243 642 Sabinis,

342 650 573 688 Pontificum
590 649 715 695 libros,
734 662 874 686 axmosa
889 649 1081 686 volumina
1097 650 1229 686 vatum

342 703 507 741 Dictitet
525 702 673 740 Albano
691 701 823 739 Musas
841 701 881 739 in
899 704 1028 739 monte
1046 701 1201 739 locutas.

393 756 443 803 Si,
463 756 549 806 quia
567 755 795 793 Graecorum
812 757 902 792 sunt
921 754 1180 805 antiquissima
1197 767 1363 804 quaeque

342 809 490 859 Scripta
507 809 567 847 vel
585 808 739 858 optima,
758 807 922 845 Romani
939 809 1145 858 pensantur
1162 807 1289 845 eadem

342 862 549 913 Scriptores
567 861 725 907 trutina,
743 874 821 898 non
838 863 896 898 est
915 860 1015 911 quod
1032 860 1153 898 multa
1170 860 1387 910 loquamur:

342 915 410 952 Nil
426 915 528 952 intra
546 917 603 952 est
622 914 752 960 oleam,
771 913 826 951 nil
844 916 950 951 extra
967 915 1025 951 est
1042 913 1082 950 in
1099 926 1194 951 nuce
1212 913 1317 958 duri;

343 968 523 1006 Venimus
543 968 589 1005 ad
608 980 798 1005 summum
815 966 998 1013 fortunae,
1017 966 1207 1017 pingimus
1226 968 1339 1016 atque

346 1591 545 1629 Psallimus
564 1594 603 1630 et
621 1591 809 1630 luctamur
827 1591 981 1629 Achivis
1000 1591 1145 1629 doctius
1162 1591 1298 1629 unctis.

395 1645 435 1682 Si
451 1644 604 1683 meliora
621 1645 710 1692 dies,
727 1647 772 1683 ut
791 1645 888 1691 vina,
906 1646 1081 1695 poemata
1097 1644 1231 1691 reddit,

345 1698 445 1736 Scire
463 1698 586 1744 velim,
603 1698 744 1736 chartis
761 1698 924 1748 pretium
942 1699 1079 1748 quotus
1098 1699 1246 1747 arroget
1264 1710 1394 1735 annus.

348 1751 525 1801 Scriptor,
544 1751 678 1788 abhinc
697 1764 812 1788 annos
830 1752 982 1789 centum
999 1750 1063 1800 qui
1080 1749 1229 1796 decidit,
1245 1750 1344 1788 inter

347 1804 539 1842 Perfectos
560 1806 773 1854 veteresque
790 1803 917 1841 referri
933 1803 1055 1849 debet,
1073 1816 1120 1840 an
1137 1802 1237 1841 inter

346 1857 448 1894 Viles
466 1858 577 1907 atque
595 1856 742 1895 novos?
770 1856 958 1894 Excludat
971 1855 1097 1906 jurgia
1114 1855 1210 1893 finis.

346 1909 420 1947 Est
438 1911 546 1947 vetus
565 1911 677 1960 atque
695 1910 843 1959 probus,
862 1911 1015 1947 centum
1033 1908 1097 1959 qui
1113 1908 1258 1959 perficit
1276 1921 1404 1946 annos.

347 1962 456 2009 Quid,
476 1963 539 2012 qui
557 1962 713 2012 deperiit
731 1962 853 2000 minor
869 1975 944 1999 uno
962 1974 1088 1999 mense
1105 1961 1165 1999 vel
1182 1974 1291 2007 anno,

346 2015 455 2053 Inter
472 2029 563 2065 quos
581 2015 792 2053 referendus
810 2013 911 2052 erit?
938 2017 1129 2052 veteresne
1147 2016 1290 2064 poetas,

347 2068 409 2105 An
428 2081 519 2118 quos
537 2070 576 2106 et
593 2081 766 2118 praesens
784 2070 823 2106 et
840 2069 990 2118 postera
1005 2068 1155 2117 respuat
1173 2066 1305 2105 aetas?

348 2121 428 2158 Iste
447 2121 595 2171 quidem
613 2123 756 2159 veteres
773 2121 872 2158 inter
888 2122 1048 2170 ponetur
1064 2120 1232 2166 honeste,

347 2174 420 2220 Qui
437 2174 496 2212 vel
514 2187 639 2211 mense
657 2174 761 2211 brevi
779 2173 838 2211 vel
856 2175 940 2211 toto
958 2175 1015 2211 est
1029 2172 1156 2223 junior
1174 2186 1283 2210 anno.

347 2227 447 2264 Utor
464 2226 642 2277 permisso
660 2226 867 2276 caudaeque
884 2226 979 2276 pilos
996 2228 1041 2262 ut
1059 2225 1212 2275 equinae

348 2279 537 2317 Paulatim
554 2279 650 2317 vello
669 2282 707 2317 et
725 2279 833 2317 demo
851 2292 979 2324 unum,
998 2278 1105 2316 demo
1124 2280 1162 2316 et
1180 2278 1272 2315 item
1290 2291 1419 2323 unum,

348 2333 452 2370 Dum
471 2332 579 2370 cadat
597 2332 719 2370 elusus
737 2332 881 2369 ratione
897 2331 1039 2369 ruentis
1058 2330 1189 2377 acervi,

349 2385 423 2432 9111
439 2385 536 2423 redit
553 2385 594 2422 in
610 2385 726 2423 fastos
745 2387 783 2423 et
802 2385 981 2422 virtutem
1001 2384 1174 2422 aestimat
1193 2383 1299 2421 annis

349 2438 585 2488 Miraturque
602 2437 707 2483 nihil,
725 2437 797 2475 nisi
814 2437 914 2487 quod
932 2437 1099 2474 Libitina
1116 2436 1286 2474 sacravit.

403 2491 549 2528 Ennius
567 2493 606 2528 et
625 2491 768 2541 sapiens
787 2492 825 2528 et
843 2490 950 2528 fortis
969 2492 1008 2527 et
1026 2490 1120 2527 alter
1138 2489 1338 2534 HomeruS,

350 2544 407 2581 Ut
426 2543 545 2581 critici
563 2544 703 2589 dicunt,
722 2544 854 2581 leviter
872 2556 998 2581 curare
1015 2542 1174 2588 videtur,

349 2596 431 2643 Quo
449 2596 630 2646 promissa
647 2597 781 2634 cadant
800 2598 838 2634 et
857 2595 1000 2634 somnia
1018 2595 1267 2646 Pythagorea.
