1670 2736
243 104 320 142 302
596 154 599 156 v
662 115 839 143 Hommn
856 115 1090 143 merom.

294 208 493 247 Permutet
511 209 681 248 dominos
699 212 739 248 et
757 210 865 248 cedat
882 210 923 247 in
941 210 1057 248 altera
1069 210 1166 261 jura.

348 261 409 299 Sic
427 262 515 312 quia
531 265 732 313 perpetuus
749 263 846 300 nulli
864 263 975 301 datm·
991 276 1092 310 118118,
1110 265 1150 301 613
1166 264 1273 302 116168

295 314 486 352 Heredem
503 315 657 354 alterius
674 316 779 354 velut
796 316 898 353 unda
915 316 1129 366 supervenit
1147 317 1298 364 undam,

297 367 397 414 Quid
414 367 487 405 vici
504 371 662 418 prosunt
681 371 747 406 aut
765 368 928 407 horrea?
956 369 1091 419 quidve
1110 368 1278 407 Calabris
1327 405 1331 409 ,

297 420 463 458 Saltibus
482 421 618 472 adjecti
636 421 791 468 Lucani,
810 422 842 460 si
859 421 971 459 metit
991 421 1109 459 Orcus

297 472 463 511 Grandia
480 487 567 511 cum
583 474 718 524 parvis,
736 488 813 512 non
831 474 1025 512 exorabilis
1043 473 1165 512 auro?

297 526 486 573 Gemmas,
503 540 678 573 marmor,
696 528 798 574 ebur,
817 527 1014 578 Tyrrhena
1031 527 1164 578 sigilla,
1182 527 1352 574 tabellas,

295 579 522 629 Argentum,
539 581 663 618 vestes
678 580 840 618 Gaetulo
858 580 998 618 murice
1015 581 1167 627 tinctas,

297 632 395 669 Sunt
414 632 478 682 qui
496 645 572 670 non
590 633 765 680 habeant,
784 635 842 671 est
860 633 926 684 qui
941 647 1019 671 non
1037 635 1144 671 curat
1161 633 1309 671 habere.

297 684 374 722 Cur
391 685 485 723 alter
502 685 663 723 fratrum
680 699 821 724 cessare
839 689 878 724 et
895 686 1023 724 ludere
1040 689 1079 724 et
1097 686 1191 737 ungi

296 737 487 776 Praeferat
507 738 670 777 Herodis
688 739 862 789 palmetis
880 739 1093 790 pinguibus,
1112 739 1208 779 alter

295 790 412 828 Dives
431 793 470 828 et
488 791 725 842 importunus
744 792 792 830 ad
809 792 982 830 umbram
998 792 1092 830 lucis
1110 793 1158 830 ab
1176 794 1264 830 ortu

297 843 514 882 Silvestrem
530 844 691 882 flammis
709 846 748 883 et
766 845 862 883 ferro
880 845 1033 896 mitiget
1051 858 1196 896 agrum,

296 896 376 934 Scit
395 896 548 944 Genius,
566 897 692 935 natale
710 911 833 936 comes
851 898 916 948 qui
933 900 1119 948 temperat
1138 900 1294 944 astrum,

296 949 466 987 Naturae
485 950 574 988 deus
592 951 789 997 humanae,
807 951 976 988 mortalis
992 951 1033 988 in
1050 964 1171 989 unum

296 1002 477 1053 Quodque
495 1005 619 1054 caput,
637 1004 748 1041 vultu
764 1004 967 1051 mutabilis,
986 1003 1091 1042 albus
1110 1005 1149 1042 et
1167 1005 1258 1042 ater.

349 1055 449 1093 Utar
467 1058 506 1094 et
525 1070 570 1094 ex
587 1057 745 1103 modico,
764 1058 950 1107 quantum
966 1070 1024 1095 res
1042 1058 1182 1107 poscet,
1201 1069 1330 1095 acervo

295 1107 453 1155 ToHam,
472 1122 540 1147 nec
558 1111 737 1156 metuam,
757 1109 847 1160 quid
864 1109 910 1147 de
928 1123 988 1148 me
1000 1109 1145 1160 judicet
1162 1109 1280 1156 heres,

296 1161 405 1207 Quod
423 1175 500 1199 non
517 1162 625 1212 plura
642 1162 740 1200 datis
758 1162 966 1209 invenerit3
993 1165 1032 1200 et
1050 1165 1179 1200 tamen
1196 1162 1295 1200 idem

296 1214 397 1251 Scire
414 1214 551 1261 volam,
570 1217 755 1266 quantum
773 1215 929 1266 simplex
947 1215 1147 1265 hilarisque
1164 1215 1293 1266 nepoti

296 1266 494 1318 Discrepet
513 1271 552 1306 et
571 1270 755 1318 quantum
772 1268 959 1306 discordet
976 1281 1107 1318 parcus
1126 1281 1248 1306 avaro.

296 1319 428 1357 Distat
439 1321 550 1367 enim,
565 1334 717 1371 spargas
729 1323 797 1358 tua
809 1320 998 1371 prodigus,
1013 1334 1061 1358 an
1074 1333 1194 1371 neque
1207 1322 1402 1371 sumptum

296 1371 447 1410 Invitus
465 1373 577 1411 facias
596 1387 714 1423 neque
732 1374 840 1424 plura
857 1386 984 1424 parare
1001 1373 1156 1421 labores,

296 1425 353 1463 Ac
371 1426 509 1475 potius,
527 1439 619 1476 puer
635 1429 680 1464 ut
698 1426 804 1464 festis
823 1426 1120 1476 Quinquatribus
1139 1426 1240 1473 olim,

296 1478 447 1528 Exiguo
465 1481 647 1529 gratoque
663 1479 797 1517 fruaris
814 1481 983 1529 tempore
1001 1479 1151 1529 raptim.

297 1530 495 1581 Pauperies
512 1532 707 1570 immunda
723 1533 847 1570 domus
864 1532 993 1582 procul
1010 1532 1129 1569 absit:
1157 1545 1239 1582 ego,
1256 1534 1387 1570 utrum

296 1583 406 1622 Nave
423 1585 520 1622 ferar
537 1598 675 1635 magna
692 1598 741 1623 an
758 1598 883 1635 parva,
900 1585 996 1622 ferar
1013 1598 1110 1622 1111118
1129 1587 1168 1623 613
1185 1585 1296 1623 1(16111.

296 1636 338 1673 N
339 1650 388 1674 on
405 1638 552 1688 agimur
569 1638 725 1675 tumidis
743 1638 834 1675 velis
853 1637 1024 1688 aquilone
1042 1637 1226 1684 secund03

297 1689 388 1727 Non
404 1692 533 1728 tamen
551 1691 712 1729 adversis
731 1692 895 1728 aetatem
913 1690 1083 1728 ducimus
1101 1690 1249 1737 austris,

297 1741 462 1790 Viribus,
481 1743 643 1794 ingenio,
663 1744 794 1794 specie,
813 1743 967 1790 virtute,
985 1743 1078 1790 loco,
1096 1756 1136 1780 re

298 1794 471 1834 Extremi
488 1797 706 1847 primorum,
725 1796 900 1834 extremis
918 1809 1035 1846 usque
1052 1796 1204 1846 priores.

352 1848 393 1886 N
395 1862 444 1886 on
462 1863 500 1887 es
519 1863 672 1887 avarus:
701 1850 783 1896 abi3
811 1849 911 1900 quid,
930 1851 1053 1887 cetera
1064 1849 1146 1899 jam
1163 1849 1275 1886 simul
1292 1849 1366 1886 isto

297 1899 395 1938 Cum
412 1902 506 1940 vitio
524 1902 683 1953 fugere?
738 1902 851 1940 Caret
868 1901 940 1940 tibi
957 1904 1088 1952 pectus
1106 1901 1210 1939 inani

296 1953 546 1994 Ambitione?
576 1955 688 1993 Caret
705 1955 838 1993 mortis
856 1954 1053 1992 formidine
1071 1956 1110 1992 613
1127 1954 1214 1993 ira?

297 2006 461 2055 Somnia,
478 2010 638 2046 terrores
656 2008 832 2058 magicos,
850 2007 1040 2054 miracula,
1059 2020 1177 2058 sagas,

296 2059 515 2098 Nocturnos
532 2061 691 2098 lemures
709 2063 958 2111 portentaque
977 2060 1155 2098 Thessala
1171 2060 1298 2098 rides?

297 2112 455 2151 Natales
474 2116 581 2164 grate
598 2113 802 2152 numeras?
831 2113 1002 2163 Ignoscis
1020 2113 1148 2150 amicis
1164 2112 1182 2151 Ρ

297 2164 435 2204 Lenior
453 2169 492 2204 et
510 2166 640 2204 melior
657 2166 702 2203 fis
721 2166 919 2204 accedente
938 2165 1117 2204 senecta?

299 2217 398 2264 Quid
415 2221 455 2257 te
474 2221 647 2269 exempta
664 2219 765 2257 levat
784 2219 899 2269 spinis
918 2219 963 2256 de
980 2218 1149 2268 pluribus
1167 2217 1273 2256 una?

302 2271 438 2309 Vivere
456 2272 489 2309 si
506 2274 608 2310 recte
626 2272 757 2318 nescis,
776 2272 910 2309 decede
927 2271 1069 2322 peritis.

299 2324 444 2362 Lusisti
461 2325 564 2371 satis,
583 2324 694 2362 edisti
711 2325 801 2362 satis
820 2328 933 2374 atque
950 2324 1100 2361 bibisti:

300 2378 463 2427 Tempus
482 2378 582 2415 abire
599 2377 672 2415 tibi
690 2379 758 2424 est,
777 2390 824 2415 ne
841 2379 975 2427 potum
991 2376 1131 2427 largius
1150 2389 1265 2426 aequo

299 2429 438 2468 Rideat
456 2433 496 2468 613
514 2430 638 2481 pulset
656 2430 794 2469 lasciva
811 2429 1002 2468 decentius
1022 2432 1134 2467 aetas.
