1670 2736
237 96 288 134 98

667 107 847 135 ΗΟΒΔΤῙΙ
864 107 1068 136 ΟΑΕΜΙΝΑ.

448 201 549 248 Quin
566 203 606 239 et
624 201 736 240 Ixion
754 202 963 254 Tityosque
979 204 1091 242 vultu

448 253 552 292 Risit
569 254 703 302 invito,
722 256 833 294 stetit
850 270 946 295 urna
962 257 1132 307 paullum

449 306 566 354 Sicca,
585 307 677 345 dum
694 310 804 359 grato
822 309 947 347 Danai
963 310 1105 361 puellas

554 359 728 399 Carmine
745 361 898 400 mulces.

449 447 593 485 Audiat
612 447 720 499 Lyde
738 449 856 486 scelus
875 451 988 499 atque
1006 452 1115 488 notas

448 500 652 551 Virginum
668 514 806 551 poenas
824 503 864 539 et
881 501 991 540 inane
1008 503 1185 554 lymphae

448 552 607 591 Dolium
623 554 741 592 fundo
757 554 948 604 pereuntis
966 555 1054 603 imo,

556 606 717 657 Seraque
735 607 825 654 fata,

452 692 554 738 Quae
572 694 728 730 manent
747 693 874 743 culpas
892 693 1008 731 etiam
1026 694 1096 732 sub
1115 694 1223 733 Orco.

450 744 607 795 Impune,
625 758 714 783 nam
732 745 822 796 quid
839 748 994 796 potuere
1011 746 1164 797 majus?

452 797 599 848 Impiae
617 811 772 848 sponsos
789 801 945 849 potuere
963 799 1056 837 duro

556 850 717 889 Perdere
734 851 852 890 ferro!

451 937 541 975 Una
559 938 604 975 de
622 937 753 975 multis
771 938 851 977 face
868 939 1030 989 nuptiali

451 990 582 1041 Digna
597 990 789 1041 perjurum
805 991 880 1029 fuit
896 991 938 1029 in
955 994 1150 1043 parentem

452 1043 651 1093 Splendide
669 1044 829 1081 mendax
847 1046 886 1082 et
903 1044 944 1081 in
962 1058 1073 1083 omne
1090 1045 1197 1096 virgo

557 1096 708 1135 Nobilis
727 1110 872 1144 aevum,

453 1184 583 1234 Surge,
602 1196 696 1233 quae
715 1183 810 1222 dixit
822 1183 955 1235 juveni
971 1185 1120 1231 marito,

453 1236 584 1287 Surge,
602 1249 651 1274 ne
668 1237 803 1287 longus
821 1237 894 1275 tibi
911 1251 1076 1284 somnus,
1094 1237 1193 1275 unde

451 1289 544 1326 Non
560 1289 685 1336 times,
703 1289 835 1337 detur3
863 1303 1033 1328 socerum
1050 1292 1090 1328 et
1108 1290 1281 1328 scelestas

557 1341 662 1380 Faue
681 1355 835 1390 sorores,

454 1429 557 1475 Quae
573 1429 679 1467 velut
697 1431 829 1467 nactae
847 1429 986 1468 vitulos
1003 1429 1152 1468 leaenae

454 1481 629 1532 Singulos
647 1482 743 1520 eheu
759 1482 947 1520 lacerant:
975 1496 1045 1533 ego
1062 1482 1136 1520 illis

453 1534 608 1572 Mollior
625 1548 694 1573 nec
711 1537 751 1573 te
769 1535 901 1573 feriam
917 1548 1037 1586 neque
1055 1535 1156 1573 intra

559 1587 732 1626 Claustra
749 1588 897 1626 tenebo.

454 1674 522 1712 Me
539 1677 648 1725 pater
666 1675 783 1713 saevis
802 1677 932 1713 oneret
950 1675 1103 1722 eatenis,

456 1727 566 1774 Quod
582 1728 664 1766 viro
682 1728 843 1766 clemens
861 1728 996 1766 misero
1014 1727 1182 1779 peperci3

454 1780 522 1818 Me
540 1781 600 1818 vel
618 1783 804 1819 extremos
822 1781 1077 1820 Numidarum
1093 1781 1135 1818 in
1152 1794 1261 1832 agros

558 1833 684 1871 Classe
701 1834 854 1884 releget.

456 1920 490 1965 I,
508 1920 620 1970 pedes
639 1933 712 1970 quo
730 1922 771 1958 te
788 1920 941 1971 rapiunt
960 1923 999 1959 et
1017 1934 1138 1967 aurae,

454 1973 561 2010 Dum
578 1973 680 2011 favet
697 1986 773 2010 nox
791 1975 830 2011 et
848 1973 988 2020 Venus,
1005 1973 1020 2010 i
1037 1973 1199 2011 seeundo

457 2026 595 2064 Omine
611 2027 651 2063 et
668 2026 790 2064 nostri
806 2039 1011 2064 memorem
1029 2026 1196 2077 sepulcro

559 2078 691 2129 Sealpe
709 2079 907 2129 querelam.
