1670 2736
572 121 656 148 LIB.
675 121 706 148 1.
724 119 854 148 EPIs'r.
873 120 978 147 xv11.
1335 108 1413 147 279

196 218 316 266 Sedit,
334 217 401 270 qui
416 217 563 264 timuit,
581 230 629 257 ne
647 230 726 255 non
744 215 972 255 succederet.
1027 215 1146 254 Esto!

197 272 310 321 Quid,
328 271 394 323 qui
410 271 596 323 pervenit,
614 270 753 309 fecitne
771 268 962 308 viriliter?
982 269 1105 320 Atqui

197 325 274 365 Hic
292 327 352 364 est
369 326 437 364 aut
454 337 653 376 nusquam,
672 324 773 375 quod
791 323 1017 375 quaerimus
1055 322 1134 361 Hic
1153 335 1247 360 onus
1265 322 1408 368 horret,

196 378 256 418 Ut
272 378 398 430 parvis
417 378 552 417 animis
570 380 610 416 et
627 391 744 429 parvo
763 390 916 428 corpore
933 376 1077 428 majus3

197 392 299 471 Hicp
295 431 398 471 subit
417 434 456 470 et
473 431 626 483 perfert.
680 431 763 469 Aut
781 431 904 468 virtus
922 443 1062 468 nomen
1078 429 1190 468 inane
1209 431 1279 476 est,

196 485 280 524 Aut
298 485 411 525 decus
429 487 470 524 et
486 485 653 536 pretium
670 487 772 523 recte
790 483 890 535 petit
908 483 1101 534 experiens
1119 483 1188 521 vir.

250 539 389 578 Coram
405 552 495 591 rege
513 552 582 577 suo
600 538 646 584 de
664 539 887 589 paupertate
905 539 1076 575 tacentes

198 593 292 631 Plus
309 595 488 644 poscente
505 592 652 639 ferent;
679 592 809 638 distat,
828 604 1002 629 sumasne
1020 590 1218 641 pudenter,

197 647 262 684 An
278 646 413 698 rapias.
467 646 591 697 Atqui
607 658 734 684 rerum
752 647 866 696 caput
883 645 956 682 11οο
975 647 1068 691 erat,
1086 644 1149 682 hic
1167 644 1263 682 fons

197 700 382 738 Indotata
398 699 495 738 1111111
513 712 618 738 soror
635 701 705 746 est,
723 698 950 750 paupercula
966 700 1100 744 mater,

198 753 255 791 Et
272 753 413 792 fundus
429 766 500 791 nec
517 752 716 791 vendibilis
734 765 804 790 nec
822 765 972 803 pascere
990 751 1134 798 firmus,

199 807 275 855 Qui
293 806 398 854 dicit,
416 807 577 845 clamat·
605 806 764 844 Victum
782 805 881 844 date.
937 805 1107 843 Succinit
1125 805 1242 843 alter:

199 861 256 899 Et
273 860 370 898 mihi
386 859 541 898 dividuo
558 859 726 898 findetur
743 872 898 897 munere
916 859 1069 909 quadra.

199 914 274 952 Sed
290 914 432 953 tacitus
449 913 552 974 pasci
569 913 602 951 si
618 914 746 964 posset
765 926 910 958 corvus,
929 912 1086 950 haberet

199 967 293 1005 Plus
309 967 417 1019 dapis
434 969 475 1006 et
491 966 593 1005 rixae
611 966 734 1004 multo
752 966 878 1004 minus
896 942 1012 1003 inv’

200 2077 448 2116 Brundisium
465 2092 590 2116 comes
609 2081 676 2116 aut
695 2078 921 2117 Surrentum
939 2079 1076 2117 ductus
1095 2089 1308 2127 amoenum,

201 2131 275 2178 Qui
294 2131 465 2182 queritur
482 2131 645 2170 salebras
663 2134 703 2170 et
721 2132 898 2170 acerbum
915 2132 1036 2183 frigus
1055 2135 1094 2170 et
1113 2133 1263 2180 imbres,

200 2186 284 2223 Aut
302 2185 438 2223 cistam
456 2185 650 2224 effractam
669 2188 708 2224 et
727 2186 915 2224 subducta
932 2186 1072 2224 viatica
1088 2186 1224 2237 plorat,

143 2263 149 2269 -
200 2238 309 2276 Nota
326 2238 441 2276 refert
458 2238 667 2277 meretricis
685 2239 870 2285 acumina,
890 2252 999 2290 saepe
1018 2239 1205 2286 catellam,

201 2291 319 2341 Saepe
336 2291 593 2342 periscelidem
610 2295 761 2343 raptam
779 2292 851 2331 sibi
868 2293 1007 2340 flentis,
1026 2293 1086 2331 uti
1105 2307 1193 2332 mox

202 2344 321 2382 Nulla
338 2345 431 2383 fides
450 2345 597 2383 damnis
615 2346 786 2397 verisque
805 2345 996 2384 doloribus
1015 2347 1126 2385 adsit.

202 2397 286 2435 Nec
305 2398 421 2436 semel
437 2398 567 2436 irrisus
585 2399 709 2438 triviis
728 2399 902 2438 attollere
920 2402 1028 2438 curat

203 2450 344 2489 Fracto
362 2465 469 2489 crure
486 2452 653 2502 planum,
672 2453 761 2491 licet
779 2453 835 2490 illi
852 2453 1007 2503 plurimi
1021 2455 1150 2490 manet

203 2504 389 2551 Lacrima,
407 2518 473 2555 per
491 2507 665 2543 sanctum
678 2506 830 2557 juratus
849 2506 950 2544 (licat
970 2506 1109 2544 Osirim
1124 2523 1131 2543 :

202 2557 368 2605 Credite,
386 2572 463 2596 non
481 2558 593 2605 ludo;
612 2559 792 2606 crudeles,
810 2559 936 2598 tollite
955 2559 1142 2598 claudum.

202 2612 348 2658 Quaere
365 2611 618 2664 peregrinum,
637 2612 775 2651 vicinia
792 2626 904 2651 rauca
921 2612 1113 2651 reclamat.
