1670 2736
309 121 386 159 144

738 131 915 160 HORA'HI
934 132 1136 162 CARMINA.

519 225 583 263 Ad
601 239 694 276 quae
712 226 744 264 si
760 239 934 277 properas
952 228 1078 279 gudia,
1096 241 1183 267 cum
1199 230 1268 267 tua

518 278 639 316 Velox
655 292 778 317 merce
794 280 902 318 veni:
920 294 998 319 non
1015 294 1085 334 ego
1102 283 1143 319 te
1159 281 1252 320 meis

519 331 736 370 Immunem
752 332 914 371 meditor
930 332 1077 385 tingere
1095 333 1251 384 poculis,

626 384 746 423 Plena
763 385 865 424 dives
882 386 956 424 ut
945 400 986 424 m
1004 387 1126 425 domo.

519 469 663 508 Verum
679 484 776 521 pone
793 484 916 510 moras
934 474 975 511 et
992 473 1161 510 studium
1178 472 1283 519 lucri,

519 523 802 574 Nigrorumque
819 537 974 572 memor,
993 525 1084 562 dum
1101 525 1202 572 licet,
1219 524 1366 576 ignium

519 576 641 614 Misce
659 576 865 615 stultitiam
883 577 1047 616 consiliis
1064 578 1217 616 brevem
1227 594 1238 616 ε

624 629 746 668 Dulce
765 632 823 668 est
841 630 1005 682 desipere
1022 631 1063 669 in
1080 631 1172 670 loco.

640 871 820 911 CARrfflN
837 872 1077 911 XIII.—-AD
1095 872 1250 912 chmff.

518 958 717 1006 Audivere,
735 959 850 1010 Lyce,
869 959 908 997 di
925 973 1010 998 mea
1026 962 1127 1007 vota,
1145 959 1185 998 di

517 1012 717 1059 Audivere,
735 1011 860 1063 Lyce3
877 1013 923 1050 fis
941 1026 1046 1061 anus,
1064 1014 1103 1051 et
1119 1014 1249 1051 tamen

570 1065 638 1102 Vis
655 1065 818 1103 formosa.
834 1065 952 1103 videri

624 1118 815 1168 Ludisque
833 1120 872 1156 et
889 1118 986 1156 bibis
1003 1118 1199 1170 impudens

517 1203 572 1241 Et
591 1204 706 1240 cantu
722 1203 886 1241 tremulo
903 1204 996 1253 pota
1014 1202 1238 1253 Cupidinem

518 1256 686 1294 Lentum
703 1255 892 1293 sollicitas.
947 1255 1021 1294 Ille
1037 1256 1193 1294 virentis
1211 1258 1251 1294 et

570 1309 715 1346 Doctae
728 1307 884 1358 psallere
903 1306 1018 1346 Chiae

621 1361 795 1399 Pulchris
815 1361 975 1399 excubat
992 1361 1033 1398 in
1050 1361 1168 1412 genis.

518 1447 765 1498 Importunus
783 1447 883 1485 enim
900 1447 1110 1485 transvolat
1128 1447 1248 1486 aridas

516 1501 682 1548 Quercus
700 1502 739 1538 et
756 1500 896 1551 refugit
913 1502 964 1547 te,
983 1500 1070 1551 quia
1086 1500 1199 1541 luridi

568 1553 725 1600 Dentes,
742 1555 783 1591 te
801 1553 888 1603 quia
904 1566 1019 1603 rugae

621 1606 794 1656 Turpant
812 1607 851 1644 et
869 1606 1002 1656 capitis
1019 1605 1135 1644 nives.

515 1692 598 1730 Nec
617 1691 715 1729 Coae
731 1691 899 1729 referunt
912 1691 993 1742 jam
1009 1691 1083 1730 tibi
1099 1704 1283 1742 purpurae

514 1745 597 1782 Nec
616 1743 705 1782 clari
722 1743 862 1794 lapides
879 1746 1062 1795 tempora,
1081 1757 1174 1794 quae
1192 1743 1306 1783 semel

567 1797 682 1834 Notis
701 1797 853 1835 condita
869 1797 975 1835 fastis

620 1849 783 1887 Inclusit
801 1849 962 1887 volucris
980 1849 1068 1888 dies.

516 1936 599 1982 Quo
617 1935 717 1985 fugit
734 1948 863 1982 venuS,
882 1935 968 1982 heu,
987 1949 1107 1986 quove
1125 1935 1257 1974 color?
1284 1935 1415 1974 decens

517 1989 600 2036 Quo
617 1990 744 2025 motus
759 1987 776 2026 Ρ
805 1988 896 2038 quid
912 1988 1027 2026 habes
1044 1988 1157 2036 illius,
1174 1988 1287 2036 illius,

569 2041 672 2088 Quae
690 2040 856 2091 spirabat
874 2054 1027 2088 amores,

620 2093 724 2140 Quae
741 2107 802 2132 1116
821 2096 1016 2144 surpuerat
1034 2094 1140 2141 mihi,

520 2181 628 2219 Felix
645 2183 732 2231 post
751 2181 937 2228 Cinaram,
956 2183 1119 2232 notaque
1136 2183 1176 2219 et
1194 2180 1332 2219 arbium

515 2234 719 2272 Gratarum
737 2234 880 2273 facies?
909 2234 982 2272 Sed
1000 2233 1155 2272 Cinarae
1171 2234 1300 2272 breves

569 2287 702 2324 Annos
719 2287 799 2324 fata
816 2287 1010 2334 dederunt,

619 2339 819 2377 Servatura,
836 2339 902 2377 (1111
918 2352 1045 2390 parem

514 2423 682 2462 Cornicis
699 2424 849 2463 vetulae
866 2425 1099 2485 temporibus
1118 2424 1257 2476 Lycen,

514 2477 676 2515 Possent
693 2477 767 2515 ut
751 2491 908 2538 juvenes
926 2478 1044 2516 visere
1060 2477 1193 2516 fervidi

566 2530 698 2567 Multo
718 2543 796 2568 non
813 2530 893 2568 sine
910 2531 989 2568 risu

618 2582 842 2634 Dilapsam
831 2596 872 2621 m
889 2583 1028 2622 cineres
1045 2583 1174 2621 facem.
