1670 2736
234 100 310 138 162

696 113 874 141 HORA'HI
890 114 1027 143 EPODI.

432 294 610 333 CARMEN
628 294 783 333 V.—I1v
802 295 1021 335 OAmmm
1039 309 1295 338 VENEFIOAM.

446 398 513 444 At,
533 398 566 436 O
586 398 741 436 deorum
759 398 940 450 quidquid
957 400 998 438 in
1016 402 1116 440 caelo
1134 403 1234 454 regit

497 451 631 489 Terras
650 453 689 489 et
707 451 918 489 humanum
935 463 1079 503 genus,·

448 504 547 551 Quid
564 503 637 542 iste
654 504 729 542 fert
747 505 936 543 tumultus
951 505 968 543 ?
996 509 1063 544 aut
1082 507 1172 558 quid
1189 509 1354 547 omnium

499 556 639 594 Vultus
657 556 698 594 in
715 570 835 594 unum
852 571 913 596 me
930 559 1086 599 truces?

448 609 522 647 Per
539 609 674 647 liberos
692 611 744 656 te,
763 610 796 647 si
812 613 947 649 vocata
962 613 1145 662 partubus

499 662 645 700 Lucina
661 662 758 700 veris
777 663 896 710 affuit,

449 714 523 753 Per
539 715 612 753 hoc
630 715 740 753 inane
757 729 941 766 purpurae
960 717 1071 756 decus
1087 732 1228 769 precor,

503 768 578 806 Per
594 768 894 819 improbaturum
912 769 1003 808 haec
1022 771 1050 808 J
1051 785 1171 819 ovem,

447 821 547 868 Quid
562 823 608 859 ut
625 835 785 859 noverca
802 835 862 860 me
880 821 1037 861 intueris
1056 829 1122 862 aut
1140 824 1200 862 uti

505 874 635 912 Petita
651 874 749 912 ferro
766 874 922 913 bellua?

450 927 508 964 Ut
525 927 616 965 haec
633 927 814 965 trementi
831 930 985 978 questus
1005 942 1067 967 ore
1086 929 1261 968 constitit

503 979 722 1030 Insignibus
739 980 857 1031 raptis
874 994 977 1031 puer,

453 1032 614 1083 Impube
632 1046 776 1083 corpus,
796 1034 902 1084 quale
919 1037 1045 1084 posset
1063 1035 1179 1086 impia

507 1086 658 1124 Mollire
676 1086 866 1124 Thracum
883 1089 1044 1137 pectora,

455 1138 620 1185 Canidia,
638 1139 813 1177 brevibus
830 1140 1022 1190 implicata
1038 1140 1174 1191 viperis

508 1191 638 1230 Crines
657 1194 696 1230 et
713 1192 949 1242 incomptum
967 1196 1090 1243 caput,

456 1244 483 1281 J
484 1245 576 1282 ubet
594 1244 770 1295 sepulcris
789 1245 978 1295 caprificos
997 1248 1133 1293 erutas,

506 1297 535 1334 J
535 1297 627 1335 ubet
645 1311 838 1348 cupressus
857 1298 1030 1336 funebres

457 1350 512 1387 Et
529 1352 646 1388 uncta
661 1351 783 1401 turpis
801 1364 872 1388 ova
888 1364 998 1388 ranae
1015 1351 1195 1401 sanguine

510 1402 757 1453 Plumamque
774 1405 978 1441 nocturnae
996 1404 1124 1455 strigis

457 1455 689 1506 Herbasque,
709 1469 799 1506 quas
818 1455 940 1494 Iolcos
959 1458 1071 1507 atque
1089 1457 1247 1495 Hiberia

510 1508 641 1546 Mittit
658 1522 887 1546 venenorum
904 1509 1017 1555 ferax,

460 1561 514 1598 Et
533 1575 616 1599 ossa
633 1562 680 1599 ab
698 1575 760 1599 ore
777 1564 887 1612 rapta
899 1561 1047 1612 jejunae
1061 1562 1161 1600 canis

514 1614 695 1652 Flammis
714 1614 820 1652 aduri
838 1614 1033 1652 Colchicis.

459 1668 515 1704 At
533 1667 706 1718 expedita
724 1667 870 1717 Sagana
887 1681 952 1717 per
969 1670 1093 1705 totam
1111 1668 1264 1706 domum

515 1720 700 1770 Spargens
719 1720 921 1758 Avernales
941 1733 1053 1770 aquas

462 1773 607 1811 Horret
626 1773 766 1823 capillis
784 1775 829 1810 ut
847 1773 1012 1811 marinus
1031 1773 1168 1824 asperis

515 1826 683 1864 Echinus
702 1828 768 1863 aut
788 1839 937 1863 currens
956 1839 1053 1876 aper.

462 1879 610 1916 Abacta
625 1879 730 1916 nulla
746 1879 840 1916 Veia
857 1879 1083 1916 conscientia

518 1932 726 1982 Ligonibus
745 1931 846 1968 duris
864 1932 1023 1968 humum

465 1984 721 2022 Exhauriebat
738 1984 931 2034 ingemens
950 1984 1148 2028 laboribus,

519 2038 601 2084 Quo
618 2042 745 2087 posset
762 2037 922 2074 infossus
940 2050 1032 2087 puer

467 2090 600 2140 Longo
620 2090 678 2128 die
695 2090 752 2128 bis
770 2092 902 2139 terque
919 2092 1088 2127 mutatae
1106 2089 1210 2139 dapis

519 2143 685 2180 Inemori
703 2142 925 2192 spectaculo,

467 2195 564 2232 Cum
582 2196 808 2246 promineret
828 2208 901 2241 ore,
921 2197 1105 2245 quantum
1123 2195 1273 2232 exstant
1291 2205 1387 2243 aqua

519 2249 702 2298 Suspensa
720 2250 848 2285 mento
867 2261 1040 2297 corpora3

469 2301 637 2338 Exsucta
653 2301 712 2338 uti
729 2300 894 2338 medulla
911 2303 950 2338 et
969 2301 1115 2338 aridum
1125 2300 1232 2351 jecur

520 2354 671 2391 Amoris
689 2356 785 2391 esset
803 2353 990 2403 poculum,

471 2407 722 2445 Interminato
741 2420 826 2443 cum
845 2406 959 2443 semel
977 2406 1071 2443 fixae
1089 2405 1171 2442 cibo

522 2460 780 2497 Intabuissent
799 2459 970 2509 pupulae.

468 2512 557 2550 Non
576 2513 734 2550 defuisse
751 2512 935 2549 masculae
954 2510 1118 2549 libidinis

520 2565 796 2602 Ariminensem
816 2564 963 2602 Foliam
