1670 2736
681 104 808 133 CARM.
828 105 906 133 vn.
1351 97 1426 133 165

447 1263 629 1302 CARMEN
647 1264 864 1302 VIL—An
885 1264 1108 1302 Bonan-os.

359 1363 456 1411 Quo,
475 1376 550 1414 quo
568 1363 718 1402 scelesti
735 1362 879 1402 ruitis?
908 1367 975 1402 aut
994 1377 1062 1401 eur
1080 1363 1244 1402 dexteris

410 1417 609 1466 Aptantur
627 1430 734 1455 enses
752 1417 930 1456 conditi?

358 1469 551 1508 Parumne
569 1470 712 1521 campis
731 1473 846 1522 atque
865 1470 1052 1522 Neptuno
1072 1484 1184 1522 super

412 1523 559 1561 Fusum
578 1526 637 1561 est
656 1523 788 1562 Latini
807 1524 1013 1575 sanguinis,

358 1575 462 1623 Non,
479 1579 525 1614 ut
544 1577 722 1627 superbas
740 1577 890 1615 invidae
909 1577 1153 1628 Carthaginis

412 1629 610 1668 Romanus
627 1643 730 1668 arces
747 1633 885 1677 ureret,

361 1682 538 1721 Intactus
556 1686 624 1721 aut
642 1683 853 1722 Britannus
871 1686 917 1721 ut
936 1683 1178 1722 descenderet

413 1736 527 1774 Sacra
544 1739 742 1775 catenatus
760 1737 832 1784 via,

361 1789 436 1828 Sed
452 1793 498 1828 ut
517 1791 726 1828 secundum
742 1793 835 1829 vota
852 1790 1086 1829 Parthorum
1105 1804 1174 1829 sua

413 1843 516 1881 Urbs
534 1843 626 1882 haec
643 1844 784 1895 periret
802 1843 988 1883 dextera?

361 1896 497 1947 Neque
514 1897 578 1935 hic
595 1897 694 1948 lupis
712 1911 795 1935 mos
813 1911 882 1936 nee
899 1897 974 1935 fuit
991 1897 1162 1936 leonibus

412 1949 592 2001 Unquam
610 1951 684 1989 nisi
701 1951 742 1988 in
760 1951 886 2002 dispar
903 1951 1004 1990 feris.

362 2003 533 2042 Furorne
551 2017 694 2051 caecus,
713 2018 762 2042 an
780 2005 880 2055 rapit
899 2005 956 2042 vis
976 2004 1127 2043 aerior?

413 2057 477 2095 An
495 2057 637 2108 culpa?
666 2058 907 2109 Responsum
925 2059 1034 2096 date!

361 2110 513 2151 Tacent,
524 2114 564 2149 et
582 2111 690 2149 albus
709 2125 774 2150 ora
791 2111 913 2163 pallor
930 2112 1054 2150 inficit

414 2163 642 2216 Mentesque
658 2165 850 2216 perculsae
869 2168 1037 2216 stupent.

362 2217 423 2255 Sic
441 2220 521 2256 est:
550 2219 683 2257 acerba
699 2219 780 2257 fata
797 2219 992 2257 Romanos
1011 2221 1132 2269 agunt

413 2270 615 2322 Scelusque
633 2272 821 2311 fraternae
839 2273 953 2319 neeis,

361 2323 420 2361 Ut
437 2323 672 2364 immerentis
689 2326 801 2364 fiuxit
818 2326 859 2363 in
877 2328 1019 2365 terram
1038 2324 1151 2363 Remi

414 2377 525 2416 Sacer
542 2379 743 2430 nepotibus
762 2393 882 2418 eruor.
