1670 2736
549 102 635 131 ΜΒ.
653 102 704 130 11.
727 102 812 130 sm.
830 102 910 131 m.
1287 93 1364 130 245

147 199 328 240 Mitteret
342 199 386 238 in
402 198 578 251 phimum
594 198 706 246 talos,
724 197 894 237 mercede
911 197 1048 237 diurna

147 253 390 294 Conductum
405 252 535 304 pavit3
561 253 705 303 quanto
723 251 959 290 constantior
976 251 1099 291 isdem

148 307 200 346 In
216 307 332 355 vitiis,
350 307 462 346 tanto
478 306 599 345 levius
616 306 730 344 miser
748 319 790 344 ac
807 305 911 356 prior
927 305 1005 353 1110,

148 361 226 409 Qui
237 361 320 413 jam
337 361 529 408 contento,
542 359 625 411 jam
642 359 727 398 laxo
746 359 837 397 fime
855 358 1017 397 laborat.

146 414 239 453 Non
255 414 355 453 dices
371 413 495 461 hodie,
514 426 694 464 quorsum
710 413 803 451 haec
819 414 903 451 tam
919 412 1055 463 putida
1071 412 1245 458 tendant,

147 466 350 506 Furcifer?
378 467 442 505 Ad
458 469 510 515 te,
527 467 695 517 inquam.
724 466 809 514 Quo
826 468 950 517 pacto,
969 465 1129 517 pessime
1144 465 1161 504 ?
1191 465 1341 503 Laudas

148 521 362 560 Fortunam
378 523 419 560 et
435 533 559 559 mores
577 520 755 570 antiquae
771 519 904 571 plebis,
923 521 964 558 et
981 519 1094 566 idem,

147 574 190 612 Si
206 575 290 626 quis
308 574 356 613 ad
368 574 436 613 illa
452 574 544 612 deus
562 573 690 612 subito
706 575 748 612 te
766 575 868 624 agat,
887 586 1006 623 usque
1023 586 1182 620 recuses,

147 627 231 666 Aut
249 628 338 679 quia
354 641 431 666 non
449 627 580 675 sentis,
599 627 701 677 quod
718 627 868 674 clamas,
885 627 1027 665 rectius
1045 639 1136 674 esse,

147 682 231 720 Aut
248 681 337 732 quia
352 694 430 719 non
447 681 580 719 firmus
596 683 746 719 rectum
763 680 930 718 defendis
949 682 989 719 et
1006 681 1148 728 haeres,

147 735 394 786 Nequiquam
411 747 528 773 coeno
546 733 699 785 cupiens
717 733 876 772 evellere
892 733 1076 785 plantam.

147 787 293 827 Romae
310 801 374 826 rus
391 790 513 839 optas,
531 788 728 826 absentem
744 787 910 826 rusticus
927 788 1062 826 urbem

147 841 268 880 'Pollis
285 841 333 880 ad
350 843 454 880 astra
469 841 576 880 levis.
630 841 672 878 Si
688 854 876 891 nusquam
894 854 933 879 es
951 841 1050 879 forte
1068 843 1229 879 vocatus

147 894 212 933 Ad
228 907 394 943 coenam,
410 894 541 933 laudas
559 907 732 933 securum
750 894 832 932 olus
851 907 906 941 ac,
923 894 1031 933 velut
1048 907 1209 944 usquam

147 948 310 987 Vinctus
328 961 402 996 eas,
418 947 477 986 ita
491 949 533 987 te
549 947 698 987 felicem
715 947 807 986 dicis
826 961 1014 998 amesque,

147 1001 260 1048 Quod
275 1013 462 1053 nusquam
477 1001 551 1040 tibi
569 1001 620 1040 sit
637 1001 860 1053 potandum.
915 1001 943 1039 J
945 1001 1082 1040 usserit
1100 1001 1148 1039 ad
1165 1015 1204 1039 se

148 1054 349 1094 Maecenas
366 1067 493 1094 serum
510 1055 582 1094 sub
598 1054 746 1093 lumina
760 1054 885 1106 prima
901 1055 1029 1094 venire

147 1107 379 1148 Convivm=
405 1108 572 1147 Nemon'
592 1108 719 1147 oleum
735 1108 811 1147 fert
829 1107 965 1147 ocius?
993 1108 1135 1159 Ecquis

146 1161 300 1201 Audit?
327 1174 415 1201 cmn
430 1174 572 1213 magno
588 1161 753 1200 blateras
771 1161 934 1200 clamore
951 1162 1138 1213 fugisque.

147 1214 319 1254 Mulvius
336 1217 377 1254 et
394 1228 543 1254 scurrae
559 1215 634 1254 tibi
650 1229 728 1254 non
745 1215 938 1254 referenda
954 1215 1098 1266 precati

147 1268 370 1308 Discedunt.
425 1267 584 1307 Etenim
601 1268 722 1307 fateor
739 1282 812 1316 me,
831 1268 969 1307 dixerit
986 1268 1062 1316 ille,

146 1321 249 1360 Duci
264 1324 398 1361 ventre
414 1322 549 1370 levem,
566 1335 703 1361 nasum
719 1322 851 1361 nidore
869 1322 1035 1373 supinor,

146 1374 377 1423 Imbecillus,
394 1375 507 1423 iners,
525 1376 558 1414 si
575 1375 668 1426 quid
684 1375 754 1423 vis,
773 1376 880 1423 adde,
899 1376 1051 1427 popino.

146 1428 219 1476 Tu,
237 1441 326 1467 cum
343 1429 395 1467 sis
413 1429 515 1480 quod
532 1442 604 1480 ego
623 1431 663 1468 et
679 1429 852 1468 fortassis
869 1429 1040 1480 nequior,
1059 1428 1162 1467 ultro

146 1481 339 1521 Insectere
356 1482 463 1521 velut
480 1483 614 1522 melior
631 1483 829 1533 verbisque
848 1483 992 1521 decoris

146 1535 336 1574 obvolvas
353 1535 493 1574 vitium
505 1535 524 1574 P
553 1536 665 1583 Quid,
684 1536 717 1574 si
734 1549 796 1574 me
814 1536 970 1574 stultior
987 1536 1069 1587 ipso

147 1588 376 1640 Quingentis
394 1591 524 1640 empto
542 1589 731 1628 drachmis
745 1589 983 1640 deprenderis
997 1589 1016 1628 P
1044 1589 1163 1627 Aufer

146 1641 215 1680 Me
231 1641 345 1681 vultu
360 1644 501 1681 terrere
516 1658 526 1690 ;
552 1655 709 1680 manum
727 1642 1040 1693 stomachumque
1057 1644 1201 1690 teneto,

146 1695 264 1745 Dum,
283 1708 377 1746 quae
395 1694 560 1747 0116111111
578 1695 708 1734 docuit
725 1709 786 1734 me
798 1695 957 1747 janitor,
976 1696 1058 1734 edo.

198 1748 254 1787 Te
271 1749 408 1801 conjux
425 1749 548 1788 aliena
566 1749 680 1800 capit,
699 1749 942 1788 meretricula
959 1749 1134 1788 Davum:

146 1801 286 1841 Peccat
302 1805 389 1841 uter
404 1804 581 1841 nostrum
598 1815 707 1841 cruce
725 1802 877 1854 dignius
893 1802 912 1841 Ρ
939 1803 1050 1841 Α6116
1068 1803 1135 1841 ubi
1153 1816 1213 1841 me

146 1855 299 1894 Natura
315 1856 493 1904 intendit,
512 1856 582 1894 sub
600 1856 702 1894 clara
717 1856 821 1894 nuda
837 1856 990 1895 lucerna

146 1909 398 1960 Quaecunque
415 1909 562 1961 excepit
578 1909 771 1961 turgentis
787 1910 944 1948 verbera
962 1910 1112 1958 caudae,

147 1961 332 2001 Clunibus
350 1965 418 2001 aut
435 1962 599 2015 agitavit
617 1976 757 2014 equum
774 1963 915 2002 lasciva
932 1964 1122 2015 supinum,

146 2015 325 2055 Dimittit
341 2030 463 2067 neque
479 2016 667 2055 famosum
684 2030 804 2067 neque
822 2016 1039 2065 sollicitum,
1057 2030 1105 2055 ne

146 2068 276 2108 Ditior
293 2072 360 2108 aut
378 2070 518 2108 formae
535 2070 701 2109 melioris
718 2070 836 2109 meiat
852 2070 996 2109 eodem.

147 2121 219 2170 Tu,
238 2136 324 2161 cum
342 2123 518 2175 projectis
536 2124 761 2175 insignibus,
780 2124 919 2162 annulo
938 2124 1103 2174 equestri

147 2175 396 2227 Romanoque
412 2177 559 2225 habitu,
578 2177 705 2228 prodis
723 2190 770 2215 ex
781 2177 910 2229 judice
924 2177 1051 2216 Dama

147 2228 296 2280 Turpis,
316 2230 516 2268 odoratum
533 2232 648 2282 caput
666 2231 891 2269 obscurante
909 2230 1069 2278 lacerna,

146 2281 239 2320 Non
256 2295 306 2330 66,
325 2283 426 2334 quod
443 2283 629 2323 simulas?
657 2284 838 2322 Metuens
856 2284 1043 2322 induceris
1062 2286 1175 2334 atque

147 2334 370 2374 Altercante
387 2336 607 2376 libidinibus
625 2337 757 2376 tremis
776 2351 861 2376 ossa
876 2351 1025 2389 pavore.

148 2388 249 2436 Quid
265 2389 392 2437 refert,
409 2390 480 2437 uri,
498 2390 615 2442 virgis
634 2391 806 2441 ferroque
823 2390 948 2429 necari

147 2441 380 2481 Auctoratus
399 2456 472 2491 eas,
491 2457 540 2482 an
557 2444 662 2495 turpi
680 2444 827 2482 clausus
845 2444 886 2482 in
904 2457 1000 2492 arca,

146 2494 231 2542 Quo
249 2498 289 2534 te
307 2495 459 2534 demisit
476 2497 623 2547 peccati
641 2498 790 2536 conscia
806 2497 948 2544 herilis,

146 2547 397 2587 Contractum
415 2550 573 2601 genibus
590 2553 727 2602 tangas
746 2550 892 2602 caput?
920 2551 1044 2588 Estne
1062 2550 1200 2589 marito

146 2600 348 2641 Matronae
365 2603 556 2654 peccantis
573 2604 615 2642 in
633 2605 744 2643 ambo
756 2604 864 2656 justa
880 2603 1081 2655 potestas?
