1670 2736
311 133 389 170 306
628 165 630 167 .
857 143 1034 172 1101111111

364 237 562 288 Serpentes
580 238 710 276 avibus
728 238 979 290 geminenbur‚
997 239 1160 290 bigribus
1178 241 1278 291 agni.

418 290 586 342 Incepbis
604 291 780 342 gravibus
798 291 1017 342 plerumque
1035 294 1074 330 eb
1091 306 1229 344 magna
1245 295 1422 344 professis

364 343 590 394 Purpureus,
609 344 685 382 labe
703 345 767 395 qui
785 344 988 395 splendeat,
1007 358 1105 383 unus
1122 347 1162 383 eb
1180 346 1274 384 alber

363 397 542 435 Assuibur
560 411 718 447 pannus,
738 411 824 435 cum
841 397 948 435 lucus
965 400 1006 436 eb
1023 411 1087 435 ara
1103 398 1249 437 Dianae

362 450 418 487 Eb
436 449 670 501 properanbis
688 463 803 500 aquae
821 463 886 500 per
904 464 1079 488 amoenos
1096 451 1261 490 ambibus
1279 465 1399 503 agros,

363 503 444 540 Aub
462 503 602 541 fiumen
621 502 800 541 Rhenum
818 505 885 540 aub
902 503 1052 553 pluvius
1070 504 1292 542 describitur
1309 518 1438 552 arcus3

363 555 437 593 Sed
453 569 553 594 nunc
571 569 648 594 non
666 558 746 594 erab
763 556 823 593 his
840 556 954 594 locus.
1008 556 1064 594 Eb
1082 557 1239 595 forbasse
1256 571 1471 608 cupressum

363 608 442 646 Scis
461 609 634 648 simulare
650 626 657 647 :
678 609 769 659 quid
785 609 869 655 hoc,
888 609 919 646 si
937 609 1065 647 fracbis
1083 612 1213 648 enabab
1231 623 1360 661 exspes

362 661 546 710 Navibus,
565 676 647 701 aere
666 662 755 700 dabo
774 662 839 712 qui
855 661 1057 713 pingibur?
1075 662 1271 713 Amphora
1287 664 1410 714 coepib

362 714 544 762 Insbibui3
572 717 744 754 currenbe
761 717 845 753 roba
863 728 928 752 cur
945 728 1076 753 urceus
1094 714 1204 754 exib?

361 767 534 818 Denique
553 768 603 806 sib
622 768 768 819 quidvis
787 768 944 818 simplex
962 768 1148 806 dunbaxab
1166 770 1206 806 eb
1223 782 1354 806 unum.

413 821 583 859 Maxima
599 835 685 872 pars
702 823 846 867 vabum,
863 822 971 871 paber
989 823 1028 859 eb
1042 821 1197 872 juvenes
1215 824 1323 872 pabre
1341 821 1462 873 digni,

361 873 581 924 Decipimur
599 874 719 926 specie
736 874 853 912 recbi:
879 873 1001 911 brevis
1020 887 1098 912 esse
1115 874 1254 922 laboro,

361 926 549 965 Obscurus
567 927 616 966 fio
631 945 639 975 ;
666 929 873 966 secbanbem
890 926 987 964 levia
1002 927 1108 965 nervi

359 979 553 1018 Deficiunb
572 981 781 1031 animique;
807 979 993 1030 professus
1012 979 1168 1030 grandia
1184 982 1337 1031 burgeb3

359 1032 483 1084 Serpib
500 1034 607 1071 humi
624 1036 733 1072 bubus
750 1033 911 1070 nimium
926 1032 1155 1083 bimidusque
1172 1033 1376 1084 procellae;

359 1085 433 1132 Qui
449 1086 591 1124 variare
609 1087 713 1137 cupib
731 1099 811 1124 rem
827 1085 1085 1136 prodigialiber
1101 1099 1226 1132 unam,

358 1138 592 1189 Delphinum
609 1139 712 1177 silvis
730 1139 913 1190 appingib,
931 1138 1107 1176 flucbibus
1125 1151 1268 1189 aprum.

358 1191 407 1228 In
425 1192 562 1230 vibium
580 1193 684 1230 ducib
703 1193 831 1242 culpae
849 1192 950 1242 fuga,
968 1191 1000 1229 si
1013 1194 1114 1229 careb
1132 1193 1223 1230 arbe.

409 1245 613 1283 Aemilium
631 1246 727 1283 circa
743 1245 876 1282 ludum
893 1245 996 1282 faber
1013 1258 1109 1282 unus
1128 1246 1167 1282 eb
1184 1258 1329 1294 ungues

357 1297 555 1348 Exprimeb
573 1301 612 1336 eb
629 1299 758 1336 molles
777 1297 988 1335 imibabibur
1005 1310 1087 1335 aere
1105 1297 1267 1347 capillos,

356 1350 494 1388 Infelix
511 1352 631 1402 operis
650 1364 805 1397 summa,
825 1350 912 1400 quia
929 1363 1065 1400 ponere
1083 1351 1211 1387 bobum

355 1403 521 1442 Nescieb.
576 1404 692 1442 Hunc
710 1417 780 1454 ego
798 1416 869 1450 me,
888 1403 920 1441 si
938 1403 1028 1453 quid
1045 1415 1265 1452 componere
1283 1415 1422 1448 curem,

354 1456 446 1494 Non
463 1457 583 1508 magis
602 1470 680 1495 esse
696 1456 810 1495 velim
828 1469 941 1506 quam
958 1469 1049 1493 naso
1065 1455 1190 1493 vivere
1206 1468 1332 1505 pravo,

356 1509 608 1559 Specbandum
625 1509 743 1560 nigris
761 1509 876 1547 oculis
894 1509 1076 1559 nigroque
1094 1508 1238 1558 capillo.

406 1563 552 1601 Sumibe
569 1563 764 1601 maberiam
782 1561 927 1608 vesbris,
946 1561 1010 1611 qui
1028 1561 1202 1607 scribibis,
1221 1574 1376 1611 aequam

353 1615 506 1654 Viribus
524 1618 563 1654 eb
581 1618 725 1654 versabe
743 1615 818 1662 diu,
837 1614 927 1665 quid
945 1615 1039 1652 ferre
1056 1616 1239 1660 recusenb,

355 1669 454 1715 Quid
471 1669 620 1707 valeanb
637 1669 795 1707 humeri.
850 1667 921 1704 Cui
938 1668 1036 1705 lecba
1051 1669 1226 1717 pobenber
1243 1666 1315 1704 erib
1332 1680 1402 1712 reS‚

353 1722 435 1759 Nec
453 1722 626 1760 facundia
642 1722 785 1760 desereb
803 1721 904 1758 hunc
921 1733 989 1758 nec
1006 1720 1151 1758 lucidus
1170 1719 1271 1757 ordo.

407 1775 557 1812 Ordinis
575 1775 666 1813 haec
683 1774 804 1812 virbus
822 1773 894 1811 erib
912 1775 951 1811 eb
970 1773 1109 1819 Venus,
1128 1775 1194 1810 aub
1213 1785 1282 1822 ego
1299 1772 1418 1819 fallor,

354 1827 411 1865 Ub
423 1828 504 1879 jam
521 1841 622 1865 nunc
640 1827 740 1865 dicab
751 1827 833 1878 jam
850 1839 952 1864 nunc
969 1825 1143 1864 debenbia
1160 1825 1245 1871 dici,

353 1880 534 1931 Pleraque
553 1881 700 1918 differab
718 1882 758 1918 eb
774 1892 946 1930 praesens
963 1879 1004 1916 in
1021 1881 1170 1928 bempus
1188 1878 1366 1923 omibbab3

353 1933 440 1971 Hoc
459 1936 570 1980 ameb,
588 1934 660 1971 1100
679 1935 829 1983 spernab
847 1931 1020 1982 promissi
1037 1930 1211 1969 carminis
1229 1932 1371 1968 aucbor.

405 1986 454 2023 In
471 1986 594 2025 verbis
612 1986 727 2024 ebiam
744 1985 869 2024 benuis
888 1987 1092 2034 caubusque
1110 1983 1284 2029 serendis,

352 2038 500 2077 Dixeris
519 2039 677 2090 egregie,
696 2041 832 2077 nobum
850 2038 882 2076 si
899 2037 1033 2076 callida
1048 2037 1205 2074 verbum

352 2091 572 2130 Reddiderib
584 2092 763 2143 juncbura
780 2104 931 2129 novum.
986 2089 1027 2127 Si
1043 2090 1140 2127 forbe
1157 2101 1304 2127 necesse
1322 2090 1381 2126 esb

352 2145 505 2183 Iudiciis
523 2147 731 2183 monsbrare
749 2143 960 2182 recenbibus
979 2142 1108 2181 abdita
1124 2154 1260 2188 rerum,

352 2198 512 2248 Fingere
530 2197 707 2235 cincbubis
725 2211 802 2234 non
819 2196 994 2234 exaudiba
1012 2194 1191 2246 Cebhegis

351 2250 569 2301 Conbingeb,
587 2250 808 2300 dabiburque
824 2249 976 2287 licenbia
993 2250 1144 2298 sumpba
1159 2246 1365 2298 pudenber;

350 2304 405 2341 Eb
423 2317 520 2342 nova
536 2304 698 2353 ficbaque
714 2315 832 2353 nuper
848 2302 1043 2340 habebunb
1059 2301 1173 2338 verba
1189 2300 1313 2345 fidem,
1331 2299 1363 2336 si

350 2356 492 2394 Graeco
510 2357 614 2394 fonbe
632 2356 777 2402 cadenb,
795 2368 903 2405 parce
921 2355 1080 2392 deborba.
1135 2352 1235 2400 Quid
1252 2354 1379 2389 aubem

350 2409 509 2458 Caecilio
528 2409 739 2459 Plautoque
755 2408 860 2446 dabib
877 2407 1071 2447 Romanus
1089 2404 1346 2456 adempbunr·

333 2459 742 2513 Ὓ1181-11οῩ31Γ1901103
755 2461 856 2511 *Ego
874 2473 950 2506 cur,
969 2459 1156 2510 acquirere
1172 2471 1290 2509 pauca

354 2509 397 2552 Si
402 2510 573 2565 possum,
590 2515 768 2561 invide0r‚
787 2526 874 2552 cum
890 2513 1020 2563 lingua
1037 2511 1191 2550 Cabonis
1210 2512 1248 2548 eb
1267 2509 1370 2547 Enni

349 2569 564 2606 Sermonem
581 2567 747 2618 pabrium
764 2566 941 2604 dibaverib
959 2567 998 2603 eb
1016 2578 1114 2602 nova
1130 2576 1254 2602 rerum

347 2621 514 2659 Nomina
530 2619 760 2671 probulerib?
788 2619 915 2658 Licuib
933 2630 1148 2668 semperque
1165 2615 1292 2654 licebib
