1670 2736
273 124 351 160 266
599 123 602 124 ⁷
691 135 869 164 HORA'HI
886 137 1121 177 nmeromn.

375 405 583 444 Emsrom
610 405 849 444 VIII.—A1›
877 407 1049 446 OELSUM
1075 409 1401 450 Annmovmtm.

325 490 433 529 Celso
450 492 611 542 gaudere
629 494 669 530 et
685 493 780 531 bene
797 506 879 531 rem
896 507 1023 545 gerere
1040 495 1277 535 Albinovano

325 544 440 582 Musa
456 548 590 595 rogata
606 545 712 593 refer,
731 546 862 584 comiti
879 547 1092 599 scribaeque
1109 549 1285 587 Nemnis.
1483 592 1484 595 ,

323 597 364 633 Si
382 600 546 647 quaeret,
565 598 655 648 quid
672 612 794 649 agam,
812 599 872 637 dic
889 601 1012 638 multa
1029 603 1068 639 et
1085 601 1242 652 pulchra
1257 602 1467 642 minantem

321 649 458 688 Vivere
475 664 544 688 nec
561 653 663 689 recte
680 665 749 690 nec
767 652 933 691 suaviter
948 669 956 700 ;
983 654 1086 691 haud
1102 654 1190 705 quia
1206 656 1350 706 grando

322 702 547 741 Contuderit
564 704 662 742 vites
680 705 872 756 oleamque
889 707 1134 745 momorderit
1152 710 1289 756 aestus,

322 755 406 794 Nec
425 757 512 806 quia
528 757 743 808 longinquis
761 761 974 797 armentum
991 762 1163 810 aegrotet
1178 760 1220 798 in
1237 761 1358 812 agris3

322 809 396 846 Sed
415 809 502 859 quia
518 812 646 848 mente
664 810 789 848 minus
806 812 950 850 validus
969 826 1083 863 quam
1101 826 1253 864 corpore
1269 816 1354 852 toto

322 861 391 898 Nil
409 862 536 900 audire
553 863 678 910 velim,
696 863 751 901 nil
768 864 918 912 discere,
937 865 1038 916 quod
1054 865 1154 904 levet
1172 879 1349 918 aegrum;

323 914 429 952 Fidis
448 916 614 954 offendar
631 916 796 963 medicis,
814 916 950 955 irascar
967 918 1108 965 amicis,

321 967 398 1005 Cur
415 981 476 1006 me
493 969 643 1007 funesto
660 972 859 1020 properent
877 983 1000 1009 arcere
1016 973 1193 1018 veterno;

321 1021 424 1067 Quae
441 1035 600 1060 nocuere
618 1035 760 1073 sequar,
778 1023 923 1074 fiigiam
940 1037 1034 1074 quae
1050 1025 1198 1075 profore
1216 1025 1385 1074 credam3

320 1073 464 1111 Romae
483 1074 601 1112 Tibur
618 1089 741 1113 amem
757 1078 947 1123 ventosus,
966 1077 1105 1115 'Eburo
1122 1077 1297 1116 Romam.

319 1126 415 1164 Post
432 1127 535 1175 haec,
552 1130 597 1165 ut
614 1128 749 1174 valeat,
768 1142 841 1179 quo
858 1131 970 1179 pacto
987 1143 1068 1168 rem
1085 1133 1192 1181 gerat
1210 1133 1249 1169 et
1267 1145 1318 1178 se,

319 1179 378 1217 Ut
395 1180 539 1230 placeat
550 1180 682 1231 juveni
698 1183 917 1231 percontare
934 1185 1052 1233 utque
1070 1183 1227 1221 cohorti.

321 1232 362 1269 Si
379 1232 490 1279 dicet,
509 1233 640 1280 Recte,
658 1234 823 1284 primum
840 1235 1013 1285 gaudere,
1031 1235 1188 1274 subinde

321 1285 569 1336 Praeceptum
586 1287 759 1324 auriculis
777 1287 849 1325 hoc
867 1288 1049 1326 instillare
1067 1291 1278 1328 memento:

320 1338 378 1375 Ut
395 1341 440 1376 tu
457 1339 660 1387 fortunam,
679 1340 731 1378 sic
748 1353 817 1378 nos
834 1342 886 1387 te,
906 1340 1023 1388 Celse,
1041 1341 1213 1380 feremus.

477 1598 684 1636 Emsrom
711 1598 1069 1638 IX.—CLAUDIUM
1096 1601 1321 1640 NERONEM.

318 1684 534 1735 Septimius,
554 1684 698 1732 Claudi,
716 1685 897 1723 nimirum
914 1686 1099 1738 intelligit
1116 1701 1225 1735 unus,

320 1737 462 1784 Quanti
479 1750 540 1775 me
557 1738 669 1775 facias
683 1755 692 1786 ;
718 1752 808 1776 nam
827 1752 914 1777 cum
930 1742 1041 1791 rogat
1059 1742 1099 1778 et
1116 1753 1223 1790 prece
1241 1741 1355 1792 cogit,

320 1790 471 1828 Scilicet
488 1792 534 1828 ut
551 1790 624 1828 tibi
642 1804 681 1829 se
698 1791 848 1830 laudare
867 1794 906 1830 et
923 1793 1070 1831 tradere
1088 1806 1209 1841 coner,

319 1843 491 1893 Dignum
510 1846 637 1881 mente
655 1844 840 1895 domoque
857 1845 1018 1895 legentis
1035 1846 1195 1884 honesta
1211 1846 1386 1894 Neronis,

320 1896 481 1933 Munere
499 1910 585 1934 cum
602 1896 711 1948 fungi
728 1898 910 1948 propioris
929 1900 1056 1936 censet
1073 1899 1194 1945 amici,

319 1949 419 1995 Quid
436 1949 576 1999 possim
593 1949 697 1988 videt
717 1963 759 1988 ac
777 1950 884 1988 novit
902 1964 963 1988 me
982 1951 1127 1989 valdius
1143 1951 1237 2002 ipso.

318 2001 447 2039 Multa
463 2002 613 2052 quidem
631 2002 719 2050 dixi,
738 2016 803 2041 cur
821 2005 1017 2041 excusatus
1035 2004 1196 2050 abirem;

319 2054 392 2091 Sed
409 2054 533 2100 timui,
552 2068 636 2092 mea
652 2069 700 2093 ne
718 2056 868 2095 finxisse
885 2056 1211 2107 minorayputarer,

318 2107 586 2145 Dissimulator
604 2108 684 2157 opis
702 2108 882 2158 propriae,
900 2109 995 2146 mihi
1013 2110 1230 2148 commodus
1248 2110 1326 2148 uni.

317 2160 378 2197 Sic
397 2173 467 2210 ego
484 2160 634 2211 majoris
651 2161 798 2212 fugiens
816 2162 1013 2212 opprobria
1030 2162 1159 2213 culpae

317 2213 472 2250 Frontis
491 2213 539 2250 ad
555 2213 717 2251 urbanae
736 2214 908 2252 descendi
925 2215 1101 2265 praemia.
1156 2215 1266 2262 Quod
1283 2215 1315 2253 si

317 2266 544 2315 Depositum
560 2266 688 2304 laudas
707 2267 755 2304 ob
774 2267 883 2304 amici
894 2267 1001 2317 jussa
1017 2268 1209 2318 pudorem,

317 2318 443 2356 Scribe
460 2319 520 2356 tui
538 2318 662 2369 gregis
679 2319 781 2358 hunc
799 2322 839 2358 et
856 2320 994 2358 fortem
1012 2321 1119 2359 crede
1136 2321 1361 2372 bonumque.
