1670 2736
274 113 350 150 212
616 128 619 130 “
716 123 893 152 nonum
912 123 1096 152 summ.

324 218 542 267 Auditoris;
569 221 608 258 et
626 221 684 258 est
701 219 883 270 quaedam
898 221 1028 258 tamen
1044 220 1107 258 hic
1125 234 1272 273 quoque
1288 221 1409 261 virtus

325 271 400 309 Est
417 273 603 311 brevitate
620 286 725 323 opus,
742 275 789 311 ut
806 275 932 311 currat
950 273 1138 312 sententia
1154 288 1229 312 neu
1246 288 1284 313 se

326 324 515 375 Impediat
532 325 654 364 verbis
671 326 786 364 lassas
804 325 1044 364 onerantibus
1062 339 1189 374 aures3

326 377 381 415 Et
400 391 568 417 sermone
586 392 679 429 opus
697 380 755 417 est
772 379 884 417 modo
901 379 1016 426 tristi,
1036 393 1143 430 saepe
1154 380 1295 431 jocoso,

325 430 560 470 Defendente
577 431 698 469 vicem
714 431 826 469 modo
843 431 1005 469 rhetoris
1024 434 1136 483 atque
1154 435 1300 483 poetae,

326 483 526 522 Interdum
543 484 687 531 urbani,
705 484 892 534 parcentis
910 484 1051 522 viribus
1070 487 1182 536 atque

325 535 580 575 Extenuantis
599 550 659 575 eas
678 537 860 575 consulto.
915 537 1134 575 Ridiculum
1151 539 1227 576 acri

326 588 480 629 Fortius
498 593 537 629 et
555 590 688 628 melius
706 603 862 641 magnas
879 589 1098 641 plerumque
1116 594 1217 629 secat
1235 605 1305 630 res.

383 643 457 690 Illi,
476 644 615 694 scripta
632 643 766 693 quibus
785 643 975 681 comoedia
990 644 1112 694 prisca
1128 644 1217 682 viris
1235 647 1304 692 est,

330 701 418 737 Hoc
437 697 600 743 stabant,
618 696 689 734 hoc
708 698 798 734 sunt
814 696 1011 743 imitandi3
1038 710 1131 747 quos
1149 710 1268 748 neque
1285 698 1439 749 pulcher
1496 709 1501 714 ⁴

331 753 589 800 Hermogenes
607 762 773 800 unquam
789 749 884 800 legit
902 762 1021 800 neque
1039 750 1168 788 simius
1186 750 1269 799 iste,

321 1530 391 1567 Nil
408 1532 554 1580 praeter
572 1530 731 1568 Calvum
749 1532 788 1568 et
806 1530 939 1568 doctus
957 1531 1107 1568 cantare
1126 1527 1330 1566 Catullum.

322 1583 377 1620 At
395 1596 576 1633 magnum
594 1583 694 1630 fecit,
713 1583 814 1634 quod
831 1583 954 1621 verbis
973 1583 1116 1620 Graeca
1129 1580 1276 1619 Latinis

323 1635 492 1673 Miscuit.
547 1636 580 1673 O
599 1636 670 1674 seri
684 1636 915 1674 studiorum!
944 1635 1055 1686 quine
1072 1634 1215 1685 putetis

323 1688 484 1726 Difficile
502 1691 541 1726 et
559 1689 707 1736 mirum,
726 1689 877 1727 Rhodio
896 1689 996 1739 quod
1014 1686 1249 1726 Pitholeonti

323 1741 527 1792 Contigit?
580 1743 636 1779 At
655 1755 775 1780 sermo
792 1742 924 1792 lingua
942 1741 1144 1779 concinnus
1161 1742 1321 1789 utraque

323 1794 489 1841 Suavior,
507 1797 552 1832 ut
571 1794 666 1832 Chio
684 1797 776 1833 nota
793 1795 824 1832 si
842 1794 1045 1832 commixta
1063 1792 1213 1831 Falerni
1231 1794 1300 1830 est.

323 1847 420 1884 Cum
436 1861 564 1885 versus
582 1848 705 1894 facias,
723 1849 763 1885 te
780 1847 904 1898 ipsum
921 1849 1129 1897 percontor,
1148 1859 1196 1883 an
1213 1847 1252 1882 et
1271 1857 1357 1882 cum

322 1900 429 1937 Dura
445 1900 517 1938 tibi
534 1901 744 1951 peragenda
761 1905 814 1938 re'i
833 1900 883 1938 sit
902 1913 1012 1938 causa
1029 1898 1189 1937 Petilli?

323 1953 472 1990 Scilicet
491 1953 629 1991 oblitus
647 1953 861 2004 patriaeque
878 1953 1079 2003 patrisque,
1097 1951 1233 1989 Latine

322 2004 419 2043 Cum
438 2006 575 2043 Pedius
594 2019 721 2044 causas
739 2006 894 2044 exsudet
913 2004 1104 2055 Poplicola
1121 2006 1233 2054 atque

322 2058 516 2105 Corvinus,
534 2059 664 2109 patriis
681 2059 934 2097 intermiscere
950 2058 1072 2108 petita

321 2111 445 2149 Verba
462 2111 550 2149 foris
569 2112 687 2158 malis,
707 2111 885 2149 Canusini
902 2124 1004 2149 more
1021 2108 1231 2160 bilinguis?

320 2165 448 2214 Atque
467 2177 536 2214 ego
554 2177 641 2201 cum
659 2164 819 2202 Graecos
837 2165 995 2202 facerem
1012 2165 1124 2200 natus
1142 2175 1244 2200 mare
1262 2161 1357 2199 citra

321 2217 542 2264 Versiculos,
559 2217 682 2255 vetuit
700 2230 760 2255 me
777 2217 846 2255 tali
862 2230 952 2255 voce
971 2216 1159 2263 Quirinus,

321 2269 415 2307 Post
433 2270 595 2308 mediam
611 2272 762 2308 noctem
779 2270 891 2316 visus,
902 2283 989 2308 cum
1006 2268 1150 2307 somnia
1159 2281 1264 2306 vera:

321 2322 370 2359 In
389 2323 521 2360 silvam
538 2336 614 2360 non
631 2323 734 2373 ligna
751 2323 846 2360 feras
863 2322 1028 2360 insanius
1048 2335 1090 2359 ac
1108 2322 1140 2359 si

321 2375 482 2426 Magnas
502 2375 728 2414 Graecorum
745 2376 853 2413 malis
870 2375 1023 2426 implere
1042 2376 1220 2412 catervas.

321 2428 508 2479 Turgidus
527 2428 686 2478 Alpinus
700 2428 852 2479 jugulat
870 2429 961 2465 dum
980 2428 1196 2473 Memnona,
1216 2427 1379 2476 dumque

320 2481 492 2531 Defingit
511 2481 638 2519 Rheni
655 2481 801 2518 luteum
820 2483 944 2531 caput,
962 2481 1054 2518 haee
1073 2493 1142 2530 ego
1160 2479 1261 2524 ludo,

321 2534 423 2580 Quae
441 2547 560 2584 neque
577 2534 617 2571 in
635 2534 723 2571 aede
741 2536 874 2572 sonent
892 2533 1076 2572 certantia
1086 2532 1212 2583 judice
1230 2531 1366 2581 Tarpa,

320 2586 401 2623 Nec
419 2587 572 2624 redeant
589 2587 727 2624 iterum
745 2589 857 2637 atque
874 2587 1013 2625 iterum
1031 2585 1233 2636 spectanda
1249 2583 1422 2621 theatris.
