1670 2736
240 101 291 137 84

669 110 847 138 HORA'HI
867 111 1070 140 CARMINA.

502 204 667 243 Gratum
684 205 833 245 elocuta
850 206 1135 246 consiliantibus

505 257 533 294 J
534 271 659 296 unone
677 258 795 297 divis:
816 259 930 307 Ilion,
949 259 1051 298 Ilion

554 310 699 349 Fatalis
717 311 957 363 incestusque
969 313 1087 363 judex

604 363 660 401 Et
678 364 813 403 mulier
829 365 1026 416 peregrina
1042 366 1159 404 vertit

499 448 550 485 In
567 448 771 499 pulverem,
791 463 836 488 ex
855 464 930 500 quo
948 451 1125 490 destituit
1144 452 1231 491 deos

499 501 675 539 Mercede
692 505 804 552 pacta
821 502 1050 551 Laomedon,
1069 504 1165 542 mihi

553 553 761 605 Castaeque
779 555 1001 594 damnatum
1019 557 1214 596 Minervae

604 606 703 644 Cum
719 608 857 658 populo
875 610 915 646 et
933 609 1027 648 duce
1044 610 1293 649 fraudulento.

501 692 529 729 J
531 706 592 730 am
610 705 679 730 nec
697 693 889 732 Lacaenae
909 695 1080 746 splendet
1098 696 1288 735 adulterae

500 745 684 783 Famosus
702 746 838 797 hospes
856 761 925 786 nec
944 748 1087 786 Priami
1105 749 1238 788 domus

550 798 708 849 Peijjura
723 813 911 851 pugnaces
929 801 1096 840 Achivos

603 851 804 891 Hectoreis
822 853 955 904 opibus
973 854 1159 905 refringit,

494 936 721 987 Nostrisque
739 937 898 976 ductum
915 939 1161 979 seditionibus

498 989 650 1027 Bellum
667 991 817 1029 resedit.
871 991 1052 1030 Protinus
1071 996 1110 1031 et
1128 1007 1260 1044 graves

550 1042 633 1081 Iras
651 1044 691 1081 et
707 1043 872 1082 invisum
889 1047 1078 1095 nepotem,

601 1095 736 1134 Troica
752 1110 864 1147 quem
881 1098 1026 1148 peperit
1045 1099 1225 1146 sacerdos,

494 1180 616 1219 Marti
633 1181 843 1230 redonab03
869 1183 977 1221 illum
995 1197 1065 1235 ego
1082 1185 1224 1224 lucidas

495 1233 598 1271 Inire
617 1234 733 1281 sedes,
752 1235 885 1274 ducere
903 1237 1064 1275 nectaris

549 1286 686 1324 Succos
706 1289 745 1325 et
763 1288 922 1327 adscribi
940 1289 1077 1340 quietis

603 1339 807 1378 Ordinibus
823 1341 946 1391 patiar
964 1343 1130 1381 deorum.

500 1425 606 1463 Dum
623 1425 759 1476 longus
777 1427 878 1465 inter
895 1428 1037 1467 saeviat
1055 1429 1156 1468 Ilion

498 1478 735 1529 Romamque
752 1482 904 1530 pontus,
923 1482 1090 1532 qualibet
1108 1483 1252 1521 exsules

549 1531 600 1568 In
617 1534 724 1581 parte
741 1535 926 1583 regnanto
943 1535 1068 1582 beati3

602 1584 709 1622 Dum
726 1585 869 1624 Priami
887 1586 1106 1639 Paridisque
1123 1589 1236 1627 busto

498 1670 667 1709 Insultet
685 1674 900 1710 armentum
918 1675 958 1711 et
976 1675 1119 1713 catulos
1138 1675 1236 1713 ferae

499 1722 633 1762 Celent
650 1723 805 1771 inultae,
825 1728 902 1764 stet
921 1725 1151 1777 Capitolium

552 1776 719 1827 Fulgens
736 1778 1055 1830 triumphatisque
1073 1781 1192 1831 possit

602 1829 727 1868 Roma
744 1830 848 1869 ferox
866 1831 953 1870 dare
965 1833 1052 1884 jura
1070 1833 1207 1872 Medis.

496 1913 701 1952 Horrenda
716 1915 793 1953 late
811 1929 949 1955 nomen
966 1918 1007 1955 in
1024 1919 1178 1957 ultimas

495 1966 690 2005 Extendat
709 1981 803 2015 oras,
823 1983 896 2019 qua
913 1971 1058 2009 medius
1076 1972 1198 2022 liquor

551 2019 719 2058 Secernit
738 2021 917 2072 Europen
935 2023 982 2061 ab
999 2024 1106 2071 Afro,

603 2072 687 2119 Qua
703 2074 873 2113 tumidus
891 2075 991 2127 rigat
1010 2090 1098 2115 arva.
1115 2077 1240 2125 Nilus,

497 2157 646 2195 Aurum
664 2157 889 2210 irrepertum
907 2163 947 2199 et
965 2162 1018 2200 sic
1035 2162 1168 2201 melius
1187 2164 1315 2210 situm,

498 2209 596 2247 Cum
614 2213 715 2249 terra
733 2213 840 2260 celat,
860 2227 1032 2264 spernere
1050 2216 1184 2254 fortior

550 2263 673 2309 Quam
691 2278 822 2316 cogere
840 2267 1025 2306 humanos
1042 2268 1083 2306 in
1100 2282 1189 2306 usus

603 2315 725 2354 Omne
744 2332 891 2356 sacrum
908 2321 1077 2371 rapiente
1095 2321 1237 2360 dextra.

498 2400 719 2452 Quicunque
737 2405 879 2442 mundo
897 2406 1082 2444 terminus
1101 2407 1264 2453 obstitit,

497 2453 614 2492 Hunc
632 2457 767 2506 tanget
785 2457 909 2504 armis,
928 2458 1046 2497 visere
1064 2460 1241 2510 gestiens,

550 2506 633 2553 Qua
649 2511 756 2558 parte
775 2509 1051 2549 debacchentur
1068 2512 1185 2563 ignes,

602 2560 685 2606 Qua
702 2562 858 2601 nebulae
875 2563 1065 2615 pluviique
1083 2578 1195 2603 rores.
