1670 2736
257 96 335 134 204
700 108 878 136 ΗΟΒΑΤΠ
898 108 1083 138 slsum.

309 202 501 253 Virgilius,
519 204 606 253 post
622 202 725 241 hunc
742 203 879 241 Varius
897 203 1033 252 dixere,
1052 205 1143 256 quid
1160 219 1290 245 essem.

309 255 367 292 Ut
384 255 471 293 veni
489 260 625 303 coram,
644 256 842 307 singultim
859 270 977 307 pauca
993 258 1153 305 locutus,

309 307 441 345 Infans
458 321 620 359 namque
637 309 758 359 pudor
774 309 996 359 prohibebat
1013 311 1121 361 plura
1137 312 1287 362 profari,

310 361 351 397 N
353 374 402 398 on
420 374 490 412 ego
508 374 569 399 me
588 362 686 399 claro
704 364 837 400 natum
856 365 974 412 patre,
993 377 1070 402 non
1089 377 1159 415 ego
1178 364 1320 403 circum

310 413 378 451 Me
397 413 618 452 Satureiano
635 415 779 452 vectari
796 429 884 453 rura
902 416 1055 463 caballo,

310 466 394 512 Sed,
414 467 514 517 quod
531 480 644 514 eram,
662 481 783 505 narro.
829 468 1060 519 Respondes,
1079 471 1124 507 ut
1142 471 1233 508 tuus
1251 472 1311 509 est
1328 483 1423 518 mOS,

310 519 456 557 Pauca:
477 520 589 567 abeo3
608 522 647 558 et
665 533 815 558 revocas
833 534 934 559 nono
952 524 1039 572 post
1057 535 1186 561 mense
1199 523 1384 575 jubesque

309 572 403 610 Esse
421 572 461 609 in
480 573 685 610 amicorum
702 586 870 611 numero.
925 574 1115 625 Magnum
1132 575 1204 614 hoc
1223 589 1294 627 ego
1313 577 1421 624 duco,

310 625 420 671 Quod
436 626 559 675 placui
572 626 655 672 tibi,
675 626 739 676 qui
757 627 861 677 turpi
880 628 1038 665 secernis
1056 628 1271 676 honestum,

309 678 400 715 Non
418 680 524 728 patre
542 679 740 728 praeclaro,
760 680 824 717 sed
842 680 922 718 vita
939 682 979 718 et
996 682 1147 731 pectore
1164 695 1270 732 puro.

310 731 431 781 Atqui
450 731 481 768 si
498 731 601 769 vitiis
620 732 868 770 mediocribus
887 746 929 770 ac
946 746 1031 771 mea
1047 734 1174 784 paucis

310 783 495 822 Mendosa
513 786 570 822 est
588 787 733 832 natura,
752 785 890 836 alioqui
907 788 1021 833 recta,
1039 787 1144 824 velut
1162 787 1195 825 si

310 836 476 887 Egregio
495 837 680 887 inspersos
698 839 945 888 reprehendas
965 852 1117 890 corpore
1134 853 1284 887 naevos,

311 889 351 926 Si
369 903 488 940 neque
508 890 704 928 avaritiam
721 904 841 942 neque
859 892 985 930 sordes
1004 894 1070 930 aut
1088 893 1188 931 mala
1203 893 1325 932 lustra

311 942 472 993 Objiciet
490 956 576 981 vere
595 944 791 994 quisquam
808 944 914 991 mihi,
932 958 1047 995 purus
1067 949 1106 983 et
1124 946 1264 993 insons,

310 995 368 1032 Ut
386 1008 446 1033 me
465 996 682 1043 collaudem,
702 997 734 1034 si
752 999 791 1035 et
809 998 895 1035 vivo
914 1011 1019 1036 carus
1039 998 1188 1037 amieis:

311 1048 433 1086 Causa
450 1048 523 1087 fuit
541 1051 648 1099 pater
665 1050 736 1096 his,
755 1050 821 1100 qui
837 1063 963 1088 macro
980 1064 1120 1102 pauper
1137 1052 1257 1102 agello

314 1101 451 1139 Noluit
468 1101 511 1139 in
530 1102 639 1139 Flavi
655 1103 788 1140 ludum
806 1116 866 1140 me
884 1103 1048 1151 mittere,
1067 1105 1197 1155 magni

311 1154 394 1200 Quo
412 1154 518 1204 pueri
535 1155 683 1206 magnis
702 1169 722 1193 e
741 1156 1024 1194 centurionibus
1044 1156 1129 1203 orti,

310 1206 435 1245 Laevo
454 1208 623 1258 suspensi
639 1208 779 1246 loculos
797 1209 1039 1260 tabulamque
1056 1210 1209 1257 lacerto,

311 1259 427 1297 Ibant
446 1260 590 1298 octonis
609 1261 810 1299 referentes
830 1261 962 1299 Idibus
981 1275 1066 1300 aera
1081 1279 1089 1300 ε

311 1313 384 1350 Sed
402 1326 559 1362 puerum
578 1315 636 1351 est
654 1327 764 1351 ausus
784 1314 947 1352 Romam
964 1317 1114 1365 portare
1133 1315 1342 1353 docendum

310 1366 436 1412 Artes,
455 1379 546 1416 quas
565 1366 697 1404 doceat
715 1366 837 1417 quivis
855 1380 966 1418 eques
986 1370 1099 1418 atque
1117 1370 1267 1406 senator

310 1418 438 1456 Semet
455 1421 672 1469 prognatos.
726 1420 883 1457 Vestem
901 1433 1099 1471 servosque
1117 1423 1326 1471 sequentes,

310 1471 359 1508 In
377 1474 515 1522 magno
533 1474 577 1509 ut
595 1472 744 1522 populo,
763 1472 795 1510 si
813 1472 878 1523 qui
895 1473 1062 1520 vidisset,
1081 1473 1184 1511 avita

310 1524 370 1561 Ex
388 1538 428 1562 re
445 1525 612 1574 praeberi
630 1527 803 1575 sumptus
821 1525 917 1562 mihi
935 1526 1102 1564 crederet
1119 1526 1214 1564 illos.

310 1577 397 1627 Ipse
415 1577 510 1614 mihi
528 1579 654 1615 custos
672 1578 1016 1629 incorruptissimus
1035 1592 1164 1617 omnes
1203 1586 1206 1588 ’

311 1630 462 1667 Circum
482 1630 652 1668 doctores
671 1631 810 1668 aderat.
866 1631 966 1678 Quid
983 1631 1136 1670 multa?
1167 1631 1365 1677 Pudieum,

311 1683 385 1730 Qui
403 1683 545 1733 primus
564 1683 719 1721 virtutis
736 1684 868 1731 honos,
888 1684 1051 1722 servavit
1070 1685 1117 1722 ab
1136 1684 1239 1722 omni

310 1736 402 1773 Non
420 1736 541 1774 solum
558 1736 670 1783 facto,
689 1750 820 1774 verum
839 1737 1036 1787 opprobrio
1055 1751 1201 1788 quoque
1218 1736 1343 1787 turpi3

311 1789 394 1826 Nec
412 1789 555 1835 timuit,
574 1789 645 1827 sibi
662 1803 709 1827 ne
726 1789 821 1827 vitio
840 1790 922 1839 quis
940 1792 1116 1837 verteret,
1135 1790 1226 1828 olim

313 1842 353 1878 Si
370 1855 502 1892 praeco
520 1855 652 1892 parvas
671 1844 749 1888 aut,
768 1844 813 1880 ut
831 1843 905 1880 fuit
923 1842 1014 1893 ipse,
1033 1845 1182 1880 coactor

310 1895 503 1932 Mercedes
518 1901 689 1945 sequerer
702 1911 710 1941 3
728 1908 848 1945 neque
863 1909 933 1946 ego
947 1909 1067 1933 essem
1079 1898 1234 1945 questus
1251 1912 1258 1932 :
1279 1897 1320 1932 at
1334 1895 1406 1932 hoc
1419 1908 1519 1932 nunc

311 1947 412 1984 Laus
431 1947 486 1984 illi
505 1948 662 1985 debetur
681 1950 720 1985 et
739 1962 762 1985 a
778 1961 839 1986 me
857 1948 982 1999 gratia
998 1948 1128 1998 major.

309 2000 378 2037 Nil
396 2013 456 2037 me
474 2001 666 2050 poeniteat
685 2014 819 2038 sanum
836 2001 954 2051 patris
973 2001 1098 2051 hujus,
1118 2014 1233 2051 eoque

309 2053 411 2098 Non,
430 2055 475 2090 ut
493 2067 632 2104 magna
649 2054 734 2091 dolo
752 2054 897 2091 factum
913 2057 1030 2104 negat
1049 2067 1127 2091 esse
1145 2067 1212 2091 suo
1230 2067 1327 2104 pars,

310 2106 420 2152 Quod
438 2119 514 2143 non
531 2106 715 2156 ingenuos
733 2107 872 2144 habeat
891 2107 1081 2157 clarosque
1099 2109 1285 2157 parentes,

310 2158 371 2196 Sic
390 2172 450 2196 me
469 2159 676 2196 defendam.
731 2159 863 2210 Longe
881 2173 965 2197 mea
982 2160 1168 2210 discrepat
1185 2159 1268 2197 istis

310 2212 365 2248 Et
383 2225 457 2249 vox
475 2213 514 2249 et
533 2212 651 2249 ratio:
672 2225 760 2249 nam
779 2212 811 2249 si
828 2215 965 2250 natura
977 2213 1129 2263 juberet

310 2266 346 2300 A
365 2264 476 2302 certis
494 2265 601 2302 annis
620 2278 753 2302 aevum
770 2278 935 2303 remeare
951 2267 1146 2316 peractum

310 2318 438 2367 Atque
457 2317 548 2355 alios
565 2318 689 2368 legere
708 2318 755 2355 ad
772 2318 915 2355 fastum
934 2330 1174 2368 quoscunque
1191 2319 1375 2367 parentes,

311 2370 470 2419 Optaret
489 2370 560 2408 sibi
579 2370 744 2420 quisque,
763 2371 856 2408 meis
875 2373 1076 2408 contentus
1095 2371 1274 2408 honestos

311 2422 492 2460 Fascibus
511 2425 550 2460 et
570 2423 668 2461 sellis
687 2423 827 2460 nollem
844 2423 939 2460 mihi
958 2437 1114 2469 sumere,
1133 2423 1285 2461 demens

311 2475 338 2511 J
339 2475 462 2513 udicio
480 2476 596 2526 vulgi,
616 2489 727 2514 sanus
745 2476 902 2514 fortasse
919 2479 999 2523 tuo,
1019 2476 1119 2527 quod

310 2528 464 2565 Nollem
482 2542 576 2565 onus
594 2529 696 2566 haud
713 2542 880 2579 unquam
898 2529 1031 2567 solitus
1050 2531 1199 2579 portare
1217 2528 1431 2565 molestum.

311 2580 414 2618 Nam
432 2581 528 2618 mihi
546 2582 726 2619 continuo
745 2582 865 2632 major
884 2582 1095 2632 quaerenda
1112 2581 1209 2618 foret
1227 2594 1286 2618 res
