1670 2736
589 106 672 135 11113.
692 107 751 136 Π.
771 107 898 136 OABM.
917 109 957 136 V.

442 1046 620 1086 Quum«
640 1047 809 1086 V.-A1›
823 1048 1075 1088 AUGUSTUM.

335 1144 446 1183 Divis
464 1148 546 1185 orte
563 1146 684 1194 bonis,
702 1147 846 1198 optime
864 1148 1051 1188 Romulae

335 1198 474 1238 Custos
491 1200 629 1251 gentis,
648 1201 734 1239 abes
747 1201 830 1253 jam
847 1202 1009 1240 nimium
1027 1202 1114 1250 diu3

337 1252 538 1292 Maturum
554 1254 721 1292 reditum
738 1254 930 1305 pollicitus
948 1258 1103 1307 patrum

440 1306 580 1346 Sancto
599 1308 756 1346 coneilio
774 1309 865 1347 redi.

335 1404 479 1444 Lucem
496 1406 609 1445 redde
626 1409 728 1454 tuae,
747 1407 824 1445 dux
841 1408 950 1456 bone,
969 1410 1133 1460 patriae:

335 1458 465 1497 Instar
480 1459 578 1498 veris
596 1460 698 1498 enim
715 1461 846 1500 vultus
864 1462 930 1500 ubi
947 1464 1038 1501 tuus

333 1512 492 1551 Affulsit
506 1513 658 1564 populo,
677 1514 822 1565 gratior
839 1515 872 1553 it
891 1515 969 1554 dies

438 1566 493 1604 Et
511 1566 607 1605 soles
624 1567 758 1606 melius
776 1568 915 1606 nitent.

333 1663 392 1702 Ut
410 1666 532 1703 mater
542 1665 734 1717 juvenem,
752 1680 865 1717 quem
883 1667 1012 1706 Notus
1030 1668 1157 1707 invido

332 1717 451 1756 Flatu
469 1717 665 1770 Carpathii
681 1721 788 1758 trans
805 1720 919 1758 maris
938 1734 1098 1772 aequora

331 1770 587 1810 Cunctantem
604 1773 727 1823 spatio
745 1773 896 1825 longius
914 1787 1039 1813 annuo

435 1825 551 1864 Dulci
569 1825 726 1865 distinet
745 1840 768 1865 a
784 1827 908 1875 domo,

328 1922 440 1962 Votis
457 1924 718 1976 ominibusque
736 1928 776 1964 et
793 1926 964 1977 precibus
982 1931 1105 1975 vocat,

330 1976 456 2016 Curvo
474 1991 543 2017 nec
561 1978 695 2017 faciem
711 1979 823 2018 litore
841 1980 1030 2020 dimovet:

327 2030 389 2069 Sic
406 2031 598 2070 desideriis
616 2032 694 2071 icta
711 2033 884 2072 fidelibus

431 2085 588 2133 Quaerit
604 2086 729 2137 patria
747 2086 955 2126 Caesarem.

326 2172 451 2220 Tutus
468 2182 536 2221 bos
553 2183 696 2222 etenim
713 2198 801 2223 rura
817 2185 1065 2235 perambulat,

327 2234 467 2274 Nutrit
483 2250 572 2275 rura
589 2236 701 2276 Ceres
719 2238 890 2289 almaque
908 2238 1115 2287 Faustitas,

325 2287 511 2327 Pacatum
527 2290 691 2329 volitant
707 2305 775 2342 per
791 2305 894 2330 mare
912 2293 1062 2331 navitae

428 2341 583 2394 Culpari
600 2345 740 2383 metuit
760 2345 885 2392 Fides,

322 2439 452 2478 Nullis
470 2441 651 2492 polluitur
669 2445 773 2482 easta
790 2444 923 2482 domus
942 2445 1094 2495 stupris,

322 2493 410 2532 Mos
429 2496 469 2532 et
486 2494 546 2533 lex
562 2497 795 2535 maculosum
812 2497 981 2536 edomuit
999 2499 1113 2546 nesae,

321 2546 544 2585 Laudantur
562 2548 676 2587 simili
693 2550 796 2601 prole
815 2564 1028 2602 puerperae,

425 2600 585 2652 Culpam
602 2616 722 2653 poena
738 2604 877 2654 premit
895 2618 1030 2643 eomes.

1330 102 1405 140 133
