1670 2736
693 111 819 140 cAJzM.
839 112 898 140 IV.

1161 1084 1168 1100 .1

976 1107 1007 1135 ,mu
1042 1107 1056 1127 1·
1062 1106 1098 1133 ³21)

974 1142 996 1165 ,m
1007 1155 1010 1157 Α
1154 1160 1155 1171 ¹

273 1495 452 1534 (mmm
471 1494 649 1532 IV.—IN
668 1493 849 1532 Gummi
868 1494 1102 1534 Pommmu
1121 1497 1298 1536 ΜΕΝΑΜ.

362 1582 481 1633 Lupis
499 1585 539 1620 et
557 1582 666 1633 agnis
683 1584 827 1633 quanta
844 1583 982 1622 sortito
1000 1584 1154 1635 obtigit,

414 1635 557 1674 Tecum
574 1635 671 1673 mihi
688 1635 873 1674 discordia
889 1639 960 1683 est,

363 1689 554 1727 Hibericis
571 1695 723 1740 peruste
740 1689 892 1727 fimibus
910 1690 1011 1728 latus

412 1742 468 1780 Et
486 1756 595 1780 crura
611 1743 705 1780 dura
723 1743 912 1793 compede.

361 1796 471 1834 Licet
490 1796 671 1847 superbus
690 1796 857 1835 ambules
875 1797 1044 1848 pecunia,

412 1849 585 1887 Fortuna
602 1863 679 1888 non
696 1852 824 1888 mutat
842 1864 972 1901 genus.

358 1903 533 1950 Videsne,
553 1903 705 1941 Sacram
722 1903 905 1942 metiente
922 1907 963 1943 te
981 1904 1082 1942 viam

409 1956 508 1994 Cum
524 1957 583 1995 bis
600 1957 719 1995 trium
736 1957 912 1995 ulnarum
929 1961 1033 2008 toga,

359 2009 418 2048 Ut
435 2023 501 2048 ora
516 2012 643 2049 vertat
660 2010 735 2049 huc
753 2013 793 2049 et
810 2011 886 2050 huc
904 2011 1077 2050 euntium

410 2063 620 2103 Liberrima
636 2064 881 2115 indignatio?

356 2116 490 2155 Sectus
507 2117 666 2169 flagellis
683 2117 746 2156 hie
764 2118 1063 2157 triumviralibus

409 2170 609 2209 Praeconis
628 2171 677 2209 ad
694 2171 890 2210 fastidium

354 2223 451 2262 Arat
470 2223 621 2263 Falerni
638 2224 741 2263 mille
759 2225 867 2263 fundi
879 2226 1015 2277 jugera

406 2277 461 2315 Et
479 2278 644 2329 Appiam
662 2278 810 2317 mannis
827 2279 933 2326 terit,

355 2329 613 2382 Sedilibusque
631 2345 793 2383 magnus
810 2333 851 2370 in
869 2332 1000 2383 primis
1019 2340 1130 2384 eques

407 2384 560 2423 Othone
578 2387 798 2436 contempto
816 2386 922 2424 sedet
937 2387 945 2424 !

353 2437 454 2484 Quid
471 2438 612 2477 attinet
630 2441 693 2477 tot
711 2452 777 2477 ora
790 2440 943 2477 navium
961 2440 1068 2490 gravi

404 2490 588 2530 Rostrata
604 2492 690 2530 duci
707 2493 869 2543 pondere

350 2544 494 2583 Contra
511 2545 675 2584 latrones
694 2548 808 2597 atque
827 2546 1000 2585 servilem
1019 2559 1175 2584 manum

402 2598 501 2647 Hoc,
518 2599 591 2637 hoc
609 2599 763 2638 tribuno
782 2599 981 2638 militum?

735 2664 769 2691 M

1347 105 1424 142 161
