1670 2736
638 101 720 128 LIB.
740 100 789 127 ΙΙ.
808 77 936 127 EPIS'ri
958 99 987 126 1.

1368 87 1444 123 295

284 1365 323 1402 Si
342 1364 439 1403 foret
458 1363 497 1401 in
515 1363 637 1410 terris,
656 1363 796 1401 rideret
815 1361 1070 1407 Democritus,
1091 1376 1156 1399 seu

233 1418 437 1456 Diversum
455 1417 609 1455 confusa
626 1430 746 1468 genus
764 1416 950 1467 panthera
967 1415 1121 1461 camelo,

232 1471 318 1509 Sive
336 1471 486 1522 elephas
504 1470 610 1508 albus
628 1470 734 1520 vulgi
752 1471 988 1508 converteret
1007 1482 1092 1515 ora;

233 1525 428 1575 Spectaret
445 1523 628 1574 populum
645 1523 744 1561 ludis
763 1522 950 1561 attentius
968 1522 1070 1573 ipsis,

233 1578 290 1616 Ut
310 1578 381 1615 sibi
398 1577 641 1628 praebentem
659 1577 776 1614 mimo
795 1575 1007 1626 spectacula
1025 1575 1154 1626 plura;

234 1632 441 1682 Scriptores
461 1633 589 1669 autem
607 1643 757 1668 narrare
774 1632 928 1680 putaret
947 1629 1061 1667 asello

235 1684 429 1723 Fabellam
448 1684 572 1722 surdo.
627 1684 731 1721 Nam
749 1697 843 1734 quae
861 1682 1076 1733 pervincere
1095 1695 1204 1720 voees

234 1738 418 1776 Evaluere
437 1751 583 1784 sonum,
602 1737 770 1775 referunt
788 1750 901 1787 quem
919 1738 1050 1774 nostra
1067 1734 1250 1773 theatra?

234 1792 453 1842 Garganum
471 1791 618 1842 mugire
635 1793 746 1841 putes
763 1803 896 1828 nemus
915 1792 982 1828 aut
1001 1803 1103 1827 mare
1122 1789 1300 1835 Tuscum,

234 1845 359 1883 Tanto
373 1858 460 1883 eum
479 1844 641 1895 strepitu
660 1843 738 1881 ludi
758 1845 979 1894 spectantur
997 1844 1036 1881 et
1055 1845 1154 1880 artes

234 1898 473 1949 Divitiaeque
490 1898 719 1949 peregrinae,
738 1897 873 1948 quibus
887 1897 1027 1935 oblitus
1046 1899 1151 1934 actor

234 1952 332 1990 Cum
350 1952 487 1990 stetit'
478 1966 518 1989 m
537 1965 657 1998 scena,
677 1951 866 1989 concurrit
885 1951 1039 1989 dextera
1056 1950 1194 1988 laevae.

234 2006 344 2043 Dixit
362 2005 483 2043 adhuc
500 2004 674 2056 aliquid?
720 2004 789 2042 Nil
807 2018 906 2042 sane.
962 2004 1062 2051 Quid
1080 2003 1196 2054 plaeit
1216 2002 1336 2088 ergo?

235 2059 340 2096 Lana
358 2059 564 2097 Tarentino
582 2058 699 2097 violas
718 2058 869 2096 imitata
887 2071 1044 2096 veneno.

286 2114 342 2150 Ae
361 2126 408 2150 ne
426 2113 523 2150 forte
540 2114 651 2163 putes
670 2125 741 2158 me,
761 2125 855 2162 quae
874 2111 1019 2149 facere
1010 2124 1088 2161 ipse
1107 2123 1286 2155 recusem,

234 2165 332 2203 Cum
352 2168 452 2204 reete
469 2167 637 2204 traetent
656 2165 730 2212 alii,
748 2165 899 2203 laudare
918 2164 1083 2215 maligne
1098 2181 1104 2201 :

235 2219 306 2257 Ille
324 2232 390 2269 per
407 2221 605 2258 extentum
624 2219 753 2256 funem
771 2219 866 2256 mihi
883 2232 991 2269 posse
1010 2218 1162 2255 videtur

238 2272 297 2310 Ire
315 2275 438 2322 poeta,
457 2286 584 2310 meum
602 2273 667 2322 qui
684 2275 816 2322 peetus
834 2271 998 2310 inaniter
1016 2271 1135 2321 angit,

237 2325 382 2371 Irritat,
400 2326 554 2372 mulcet,
572 2326 675 2363 falsis
693 2325 898 2364 terroribus
917 2325 1062 2375 implet,

239 2378 294 2415 Ut
312 2392 457 2430 magus,
476 2381 514 2417 et
532 2379 644 2417 modo
663 2393 724 2417 me
743 2379 895 2425 Thebis,
915 2378 1027 2416 modo
1046 2378 1155 2428 ponit
1175 2377 1348 2414 Athenis.

237 2432 378 2469 Verum
397 2446 466 2483 age
485 2434 524 2470 et
542 2432 614 2478 his,
634 2433 698 2483 qui
716 2446 755 2470 se
769 2432 899 2470 lectori
919 2432 1066 2470 credere
1084 2431 1233 2468 malunt

238 2486 360 2532 Quam
379 2485 599 2535 spectatoris
618 2485 769 2523 fastidia
785 2486 880 2523 ferre
899 2485 1060 2535 superbi,

238 2538 376 2576 Curam
395 2539 506 2577 redde
523 2539 687 2585 brevem,
702 2539 738 2585 ,si
756 2545 893 2576 munus
913 2537 1090 2588 Apolline
1109 2537 1268 2586 dignum

238 2591 304 2629 Vis
324 2592 507 2643 complere
526 2592 630 2630 libris
649 2595 688 2631 et
706 2592 856 2630 vatibus
875 2591 1009 2629 addere
1029 2591 1159 2635 calcar,
