1670 2736
612 86 696 114 nm.
715 86 765 114 11.
783 86 914 114 musr.
932 87 982 114 11.
1112 72 1114 74 ’
1357 78 1436 116 299

202 183 326 223 -Dura
342 183 408 223 sed
425 195 596 222 emovere
612 182 696 221 loeo
713 195 775 221 me
792 184 966 233 tempora
982 184 1105 233 grato,

216 237 422 289 Civilisque
439 236 572 276 rudem
589 235 681 275 belli
698 235 792 274 tulit
809 238 936 274 aestus
954 235 995 273 in
1014 249 1120 274 arma

216 290 384 330 Caesaris
402 289 571 342 Augusti
587 299 666 328 non
682 302 906 340 responsura
921 289 1083 327 lacertis.

216 344 329 384 Unde
347 344 460 383 simul
475 343 643 395 primum
660 356 722 382 me
739 343 912 381 dimisere
931 342 1111 394 Philippi,

216 398 363 437 Decisis
381 397 565 436 humilem
582 396 716 448 pennis
734 396 959 448 inopemque
976 396 1126 447 paterni

215 451 273 490 Et
291 452 380 490 laris
397 453 438 490 et
454 450 564 489 fundi
580 452 782 502 paupertas
799 449 954 501 impulit
972 450 1105 496 audax,

216 505 275 543 Ut
293 518 422 544 versus
440 504 622 552 faeerem3
649 504 726 551 sed,
745 503 848 554 quod
864 517 943 541 non
961 503 1071 551 desit,
1089 503 1295 542 habentem

216 559 322 606 Quae
339 560 521 610 poterunt
538 571 707 608 unquam
725 557 818 595 satis
836 570 1043 608 expurgare
1060 556 1217 604 cicutae,

216 612 273 650 Ni
290 611 425 650 melius
443 611 606 650 dormire
623 613 757 662 putem
775 623 890 661 quam
908 610 1068 649 scribere
1087 624 1216 648 versus
1231 609 1249 649 ἱ)

269 665 429 717 Singula
445 665 492 704 de
509 665 618 703 nobis
636 664 726 702 anni
742 664 972 715 praedantur
989 666 1122 702 euntes
1139 680 1147 712 ;

223 719 407 771 Eripuere
423 719 538 771 jocos,
556 718 743 756 Venerem
761 717 943 763 convivia,
963 717 1119 765 ludum3

215 773 396 812 Tendunt
414 774 635 823 extorquere
652 773 852 822 poemata3
880 770 971 821 quid
989 771 1124 809 faciam
1141 771 1198 808 vis
1213 770 1231 810 P

217 826 391 878 Denique
407 839 486 864 non
503 838 633 863 omnes
651 825 782 863 eadem
798 824 988 862 mirantur
1006 827 1231 876 amantque:

218 879 394 919 Carmine
410 881 458 918 tu
474 878 627 930 gaudes,
644 878 708 916 hic
726 878 936 916 delectatur
951 878 1100 926 iambis,

217 933 289 972 Ille
307 933 461 972 Bioneis
479 931 714 971 sermonibus
733 934 772 970 et
791 931 867 970 sale
885 931 1008 982 nigro.

216 987 310 1026 Tres
326 986 423 1025 mihi
440 986 619 1025 convivae
636 998 753 1036 prope
771 985 971 1023 dissentire
988 985 1176 1031 videntur,

217 1040 421 1079 Poscentes
437 1040 542 1078 vario
560 1039 728 1077 multum
745 1039 892 1077 diversa
907 1038 1048 1089 palato.

217 1093 318 1142 Quid
335 1092 454 1132 dem?
482 1092 574 1144 quid
590 1105 669 1130 non
687 1091 806 1131 dem?
834 1092 960 1130 renuis
978 1094 1035 1139 tu,
1055 1091 1156 1142 quod
1167 1091 1279 1143 jubet
1298 1091 1415 1137 alter3

216 1147 327 1195 Quod
342 1147 454 1198 petis,
471 1146 513 1184 id
530 1159 619 1184 sane
637 1147 696 1184 est
713 1146 879 1184 invisum
898 1145 1120 1196 acidumque
1141 1145 1300 1183 duobus.

270 1200 426 1239 Praeter
444 1202 579 1246 cetera,
598 1213 660 1238 me
678 1199 872 1238 Romaene
890 1202 1067 1250 po‘e'mata
1084 1212 1211 1237 censes

217 1254 384 1293 Scribere
401 1267 510 1305 posse
527 1253 628 1291 inter
645 1255 707 1291 tot
726 1266 833 1291 curas
851 1255 987 1303 totque
1005 1252 1149 1291 labores
1164 1252 1181 1290 P

216 1307 294 1346 Hic
311 1321 493 1359 sponsum
508 1309 632 1353 vocat,
650 1306 714 1345 hic
732 1306 906 1344 auditum
925 1306 1066 1357 scripta
1082 1305 1224 1344 relictis

215 1361 402 1400 Omnibus
421 1360 573 1408 officiis3
601 1360 715 1398 cubat
733 1360 795 1398 hic
813 1360 854 1398 in
872 1359 966 1398 colle
985 1359 1145 1407 Quirini,

216 1414 294 1453 Hic
312 1416 481 1454 extremo
498 1414 540 1452 in
557 1414 763 1461 Aventino,
780 1413 958 1452 visendus
975 1415 1134 1463 uterque
1148 1429 1157 1459 3

217 1468 425 1507 Intervalla
441 1468 546 1506 vides
563 1467 729 1505 humane
747 1467 955 1506 commoda.
1010 1466 1153 1504 Verum

216 1521 339 1560 Purae
357 1523 448 1560 sunt
465 1521 622 1572 plateae,
639 1520 736 1558 nihil
753 1522 798 1558 ut
817 1519 1089 1558 meditantibus
1108 1520 1248 1558 obstet.

217 1575 393 1614 Festinat
411 1574 552 1613 calidus
570 1574 683 1612 mulis
701 1573 914 1625 gerulisque
931 1573 1159 1623 redemptor,

216 1628 386 1680 Torquet
402 1642 504 1667 nunc
521 1627 695 1678 lapidem,
713 1641 814 1665 nunc
831 1627 966 1678 ingens
984 1626 1160 1665 machina
1177 1626 1343 1677 tignum,

217 1681 360 1720 Tristia
375 1681 541 1721 robustis
558 1681 754 1719 luctantur
771 1681 902 1719 funera
919 1680 1108 1731 plaustris,

217 1735 304 1774 Hac
322 1735 469 1774 rabiosa
484 1735 586 1786 fugit
603 1734 717 1782 canis,
734 1734 806 1772 hac
823 1733 1016 1772 lutulenta
1032 1733 1110 1771 ruit
1128 1746 1191 1771 sus
1206 1749 1213 1771 ;

218 1789 239 1827 Ι
258 1803 360 1828 nune
377 1791 418 1828 et
434 1802 564 1828 versus
581 1785 711 1827 tecum
727 1788 911 1826 meditare
929 1800 1095 1825 canoros.

218 1843 455 1894 Scriptorum
473 1843 609 1881 chorus
627 1842 750 1880 omnis
769 1843 872 1880 amat
891 1854 1023 1879 nemus
1043 1842 1082 1879 et
1100 1840 1202 1891 fugit
1219 1840 1363 1887 urbem,

219 1895 311 1935 Rite
330 1896 445 1935 cliens
464 1895 608 1934 Bacchi
626 1909 759 1933 somno
777 1894 978 1946 gaudentis
997 1896 1037 1932 et
1055 1894 1211 1932 umbra:

218 1949 279 1987 Tu
297 1963 358 1988 me
375 1950 478 1989 inter
495 1949 676 2000 strepitus
694 1950 900 1987 nocturnos
919 1950 1033 1999 atque
1052 1947 1207 1985 diurnos

218 2002 287 2041 Vis
305 2017 437 2042 canere
455 2005 495 2042 et
514 2005 710 2042 contracta
727 2002 832 2053 sequi
850 2001 1013 2052 vestigia
1030 2000 1197 2039 vatum?

219 2056 436 2108 Ingenium,
455 2057 528 2095 sibi
545 2056 647 2107 quod
664 2069 800 2094 vacuas
819 2055 1028 2106 desumpsit
1047 2054 1235 2101 Athenas,
