1670 2736
235 80 288 118 80

665 93 842 122 HOBATII
861 94 1064 123 CARMINA.

446 185 673 236 Contendat,
690 187 747 226 illi
763 189 877 228 turba
894 190 1089 229 clientium

444 239 504 277 Sit
521 239 661 290 major:
690 254 807 292 aequa
823 242 906 294 lege
923 243 1139 282 Necessitas

495 292 662 331 Sortitur
678 293 844 346 insignes
862 298 902 334 et
918 296 1015 334 imos
1029 313 1038 343 ;

547 345 669 384 Omne
687 360 803 398 capax
819 351 948 387 movet
965 363 1062 388 urna
1077 363 1228 388 nomen.

442 430 658 470 Destrictus
676 432 774 470 ensis
793 433 854 471 cui
871 447 982 484 super
997 435 1115 486 impia.

442 482 594 522 Cervice
611 485 761 534 pendet,
778 499 856 524 non
874 486 1018 527 Siculae
1035 488 1148 538 dapes

493 536 656 574 Dulcem
673 538 917 577 elaborabunt
935 553 1115 591 saporem,

547 589 639 627 Non
656 590 783 628 avium
801 591 1038 644 citharaeque
1056 596 1189 631 cantus

443 674 627 712 Somnum
643 675 836 715 reducent.
890 677 1051 717 Somnus
1069 680 1275 730 agrestium

442 727 556 765 Lenis
574 727 741 766 virorum
757 743 835 768 non
851 730 1013 770 humiles
1031 732 1161 771 domos

494 779 661 819 Fastidit
678 782 965 834 umbrosamque
982 785 1114 835 ripam,

545 833 637 872 Non
655 834 836 886 Zephyris
854 837 999 887 agitata
1016 838 1168 889 Tempe.

440 919 727 959 Desiderantem
745 922 845 972 quod
863 923 954 961 satis
972 926 1030 962 est
1048 938 1168 975 neque

439 971 732 1012 Tmnultuosum
750 975 927 1014 sollicitat
945 989 1058 1024 mare,

490 1025 532 1062 N
533 1038 573 1064 ec
592 1040 722 1065 saevus
740 1027 896 1066 Arcturi
913 1029 1080 1068 cadentis

542 1078 714 1130 Impetus
732 1082 799 1118 aut
817 1081 971 1119 orientis
989 1082 1126 1130 Haedi,

437 1163 529 1201 Non
546 1165 762 1204 verberatae
778 1167 959 1217 grandine
976 1168 1106 1207 vineae

438 1216 668 1268 Fundusque
685 1219 856 1266 mendax,
875 1221 1004 1259 arbore
1022 1235 1122 1260 nunc
1140 1236 1255 1273 aquas

488 1269 686 1320 Culpante,
705 1285 806 1310 nunc
822 1273 1007 1311 torrentia
1025 1287 1133 1325 agros

541 1323 679 1371 Sidera,
697 1338 798 1363 nunc
814 1325 956 1364 hiemes
973 1327 1130 1377 iniquas.

436 1408 641 1448 Contracta
657 1410 775 1460 pisces
793 1424 953 1462 aequora
970 1414 1139 1452 sentiunt

435 1461 463 1498 J
465 1462 558 1500 actis
576 1462 617 1500 in
635 1463 756 1502 altum
773 1465 956 1512 molibus3
973 1466 1048 1504 hue
1066 1467 1238 1518 fiequens

489 1514 693 1554 Caementa
710 1516 881 1556 demittit
900 1518 1115 1570 redemptor

539 1567 637 1605 Cum
653 1569 803 1608 famulis
821 1570 1066 1623 dominusque
1082 1575 1203 1611 terrae

434 1653 679 1692 FastidiosuS.
734 1655 808 1693 Sed
829 1655 960 1695 Timor
977 1659 1016 1696 et
1035 1658 1164 1696 Minae

434 1705 628 1744 Scandunt
646 1707 787 1755 eodem,
806 1722 880 1759 quo
899 1710 1083 1758 dominus,
1096 1725 1215 1762 neque

484 1759 645 1797 Decedit
663 1764 789 1798 aerata
805 1762 952 1800 triremi
969 1765 1008 1801 et

536 1811 631 1850 Post
649 1813 816 1864 equitem
834 1815 938 1853 sedet
957 1818 1039 1854 atra
1057 1816 1166 1855 Cura..

432 1898 541 1944 Quod
559 1898 590 1936 si
608 1898 798 1937 dolentem
814 1914 884 1939 nec
901 1901 1092 1953 Phrygius
1109 1903 1203 1953 lapis
1258 1923 1263 1927 ·

430 1950 513 1988 Nec
530 1964 778 2001 purpurarum
796 1953 914 1992 sidere
932 1955 1063 1993 clarior

482 2003 635 2042 Delenit
653 2018 742 2043 usus
759 2019 828 2044 nec
846 2006 1006 2045 Falerna

531 2056 632 2094 Vitis
650 2057 1017 2111 Achaemeniumque
1035 2063 1193 2109 costum,

430 2141 507 2179 Cur
523 2142 733 2182 invidendis
750 2145 921 2195 postibus
939 2149 978 2184 et
996 2161 1094 2186 novo

428 2195 593 2233 Subh'me
611 2196 690 2234 ritu
706 2198 838 2236 moliar
856 2200 995 2238 atrium
1012 2199 1030 2239 Ρ

480 2247 557 2285 Cur
574 2249 670 2287 valle
687 2253 900 2300 permutem
918 2251 1055 2291 Sabina

530 2301 695 2340 Divitias
713 2305 970 2354 operosiores?
