1670 2736
268 131 345 169 198
712 139 890 167 1101111111
909 139 1094 166 sumni.

780 1183 934 1220 SATIRA
960 1183 1008 1221 V.

313 1272 519 1322 Egressum
537 1284 677 1321 magna
693 1283 754 1308 me
773 1270 919 1320 excepit
938 1270 1066 1308 Aricia
1083 1269 1208 1308 Roma

313 1325 495 1374 Hospitio
513 1324 682 1370 modico3
700 1323 831 1361 rhetor
849 1336 972 1361 comes
991 1323 1233 1370 Heliodorus,

313 1377 542 1415 Graecorum
558 1377 671 1427 longe
688 1376 949 1423 doctissimus3
967 1376 1054 1413 inde
1073 1376 1216 1414 Forum
1234 1376 1347 1426 Appi,

311 1430 519 1468 Differtum
536 1430 674 1475 nautis,
694 1429 922 1479 cauponibus
941 1430 1054 1479 atque
1071 1428 1258 1479 malignis.

312 1483 401 1521 Hoc
419 1483 519 1521 iter
509 1482 638 1534 lgnavi
657 1460 863 1529 divisimus,
882 1481 997 1519 altius
1016 1495 1058 1519 ac
1076 1495 1144 1519 nos

312 1536 543 1574 Praecinctis
561 1548 703 1572 unum:
722 1535 848 1572 minus
868 1537 926 1572 est
944 1534 1068 1585 gravis
1087 1534 1212 1584 Appia
1228 1534 1359 1572 tardis.

312 1589 391 1627 Hic
409 1602 479 1639 ego
497 1590 651 1639 propter
669 1601 816 1638 aquam,
835 1587 936 1637 quod
953 1589 1034 1625 erat
1053 1587 1264 1633 deterrima,
1282 1586 1407 1624 ventri

312 1642 446 1679 Indico
464 1642 616 1688 bellum,
636 1642 835 1679 coenantes
849 1640 953 1678 haud
970 1640 1095 1677 animo
1114 1653 1231 1690 aequo

312 1695 547 1745 Exspectans
566 1694 734 1732 comites.
789 1693 817 1730 J
818 1706 880 1731 am
898 1706 974 1731 nox
990 1692 1166 1730 inducere
1182 1692 1293 1730 terris

312 1748 477 1786 Umbras
496 1750 535 1785 et
554 1747 655 1785 caelo
674 1746 883 1784 diffundere
901 1746 1010 1806 518113
1026 1746 1208 1796 parabat3

313 1801 413 1838 Tum
431 1801 537 1851 pueri
554 1800 693 1846 nautis,
710 1799 835 1850 pueris
854 1798 1021 1837 convicia
1039 1800 1177 1836 nautae

312 1853 502 1904 Ingerere.
557 1853 649 1891 Huc
667 1852 830 1903 appelle!
886 1851 1118 1889 Trecentos
1107 1850 1261 1888 mseris:
1282 1850 1354 1888 ohe

313 1906 341 1943 J
342 1920 403 1944 am
422 1907 514 1944 satis
532 1906 612 1944 est!
640 1906 746 1943 Dum
764 1918 825 1942 aes
844 1905 1019 1955 exigitur,
1037 1904 1130 1941 dum
1146 1903 1250 1941 mula
1267 1903 1419 1953 ligatur,

313 1959 413 1997 Tota
430 1960 510 1997 abit
527 1960 632 1997 hora.
689 1958 787 1995 Mali
805 1957 940 1995 culices
958 1970 1143 2007 ranaeque
1161 1956 1346 2016 palustres

312 2013 506 2050 Avertunt
525 2024 687 2058 somnOS,
706 2012 902 2049 absentem
919 2012 964 2047 ut
983 2011 1113 2047 cantat
1132 2009 1291 2046 amicam

313 2065 443 2102 Multa
459 2065 633 2115 prolutus
651 2077 773 2114 vappa
790 2065 908 2101 nauta
926 2064 1039 2112 atque
1056 2062 1181 2099 viator

314 2117 510 2156 Certatim.
566 2117 736 2154 Tandem
754 2117 872 2154 fessus
892 2115 1054 2153 dormire
1071 2115 1196 2152 viator

313 2171 467 2221 Incipit,
487 2184 529 2208 30
547 2170 681 2207 11115533
699 2171 852 2220 pastum
869 2168 1076 2206 retinacula
1092 2167 1217 2205 mulae

313 2224 446 2261 Nauta
462 2223 568 2274 piger
586 2236 674 2260 saxo
692 2222 828 2273 religat
847 2221 1048 2271 stertitque
1067 2220 1233 2270 supinus.

314 2276 478 2326 Jamque
496 2276 574 2314 dies
592 2275 731 2322 aderat,
749 2275 805 2312 nil
818 2287 904 2312 cum
921 2273 1118 2324 procedere
1135 2272 1289 2310 lintrem

315 2329 518 2375 Sentimus,
537 2329 654 2366 donec
674 2328 887 2366 cerebrosus
905 2326 1054 2377 prosilit
1073 2339 1171 2363 unus

314 2383 371 2420 Ac
389 2382 511 2419 mulae
529 2383 739 2431 nautaeque
758 2382 871 2431 caput
888 2379 1109 2429 lumbosque
1127 2377 1271 2428 saligno

315 2435 435 2472 Fuste
454 2435 581 2472 dolat:
602 2435 736 2484 quarta
752 2433 816 2470 vix
835 2433 987 2470 demum
1006 2431 1226 2482 exponimur
1243 2430 1346 2467 hora.

316 2487 392 2525 Ora
408 2500 616 2536 manusque
633 2488 702 2524 tua
718 2486 890 2532 lavimus,
910 2484 1082 2531 Feronia,
1100 2483 1268 2534 lympha

368 2540 479 2577 Milia
491 2542 577 2577 tum
594 2539 722 2599 pransi
739 2538 814 2576 1113
831 2538 995 2588 repimus
1015 2539 1128 2587 atque
1147 2535 1315 2574 subimus

316 2593 546 2643 Impositum
560 2592 657 2630 saxis
675 2592 752 2629 late
771 2590 1018 2630 candentibus
1037 2590 1181 2627 Anxur.
