1670 2736
580 120 664 148 m.
682 121 732 148 11.
753 120 838 148 aar.
857 121 916 148 VI.
1301 113 1379 150 241

166 216 254 257 Nec
269 215 371 256 mah
386 228 448 255 me
465 215 624 256 ambitio
640 216 766 268 perdit
783 229 853 255 nec
869 216 1070 268 plumbeus
1089 217 1231 256 Auster

167 271 484 320 Auetumnusque
500 269 639 322 gravis,
657 269 848 308 Libitinae
866 272 1044 320 quaestus
1062 271 1224 310 acerbae.

221 323 418 362 Matutine
434 325 554 375 pater,
571 336 639 362 seu
656 323 685 361 J
685 337 755 362 ane
771 323 951 362 libentius
969 323 1088 372 audis,

169 376 284 416 Unde
299 376 471 415 homines
489 390 645 428 operum
661 376 802 428 primos
819 377 994 428 vitaeque
1011 377 1155 417 labores

171 429 404 478 Instituunt,
423 430 477 469 sic
495 430 552 469 dis
570 430 763 482 placitum,
781 432 828 469 tu
845 429 1020 470 carminis
1038 433 1119 470 esto

170 483 417 535 Principium.
471 483 617 523 Romae
635 497 852 535 sponsorem
868 497 930 523 me
946 484 1057 535 rapis.
1114 488 1135 505 “
1147 485 1231 533 Eia,

170 537 235 575 Ne
250 537 353 588 prior
369 536 491 576 officio
509 537 707 588 quisquam
723 538 958 588 respondeat,
975 538 1107 589 urge.’'

170 590 259 629 Sive
276 589 418 641 Aquilo
435 590 536 629 radit
553 593 673 629 terras
691 604 757 630 seu
773 591 908 630 bruma
924 591 1086 630 nivalem

172 643 360 683 Interiore
377 643 478 683 diem
494 657 590 696 gyro
607 644 740 692 trahit,
758 644 812 683 ire
829 658 978 683 necesse
995 648 1065 684 est.

173 696 394 745 Postmodo,
411 697 514 748 quod
530 697 585 736 mi
602 697 714 746 obsit,
732 698 830 737 clare
848 701 1067 749 certumque
1080 698 1207 738 locuto

172 750 418 789 Luctandum
434 750 476 789 in
492 751 607 790 turba
624 753 664 790 et
681 751 850 790 facienda
866 752 1004 804 injuria.
1020 753 1150 790 tardis.

172 803 277 852 Quid
293 803 362 851 vis,
379 804 522 853 insane,
538 807 580 843 et
598 818 690 855 quas
707 818 767 843 res
785 804 898 856 agis?
926 805 1120 856 improbus
1139 809 1252 858 urget

173 856 290 896 Iratis
307 857 500 908 precibus3
526 860 573 896 tu
589 857 715 909 pulses
733 872 844 897 omne
863 859 964 909 quod
982 859 1122 908 obstat,

173 910 238 948 Ad
255 909 518 950 Maecenatem
534 911 693 950 memori
709 911 743 950 si
760 914 889 951 mente
907 926 1087 951 recurras.

174 963 264 1002 Hoc
275 963 388 1016 juvat
404 966 445 1003 et
462 964 567 1003 melli
584 967 665 1013 est3
692 979 769 1004 non
788 965 963 1004 mentiar.
1017 967 1074 1004 At
1093 967 1207 1005 simul
1225 970 1325 1006 atras

173 1016 344 1056 Ventum
360 1019 420 1056 est
437 1017 639 1075 Esquilias,
657 1018 779 1058 aliena
795 1019 951 1071 negotia
968 1022 1123 1058 centum

174 1069 259 1108 Per*
265 1072 380 1122 caput
397 1073 437 1110 et
455 1071 554 1110 circa
570 1071 710 1110 saliunt
728 1072 841 1111 latus.
897 1073 1001 1111 Ante
1019 1074 1222 1112 secundam

173 1122 333 1164 Roscius
350 1124 482 1166 orabat
498 1125 572 1164 sibi
589 1125 735 1164 adesses
754 1127 802 1165 ad
821 1127 957 1166 Puteal
975 1140 1067 1165 cras.

168 1649 230 1689 De
246 1662 287 1689 re
305 1650 497 1689 communi
514 1650 656 1689 scribae
674 1665 813 1702 magna.
829 1653 943 1703 atque
961 1666 1060 1691 nova
1076 1654 1116 1691 te

167 1703 340 1742 Orabant
357 1703 469 1742 hodie
486 1704 731 1752 meminisses,
751 1705 904 1753 Quinte,
923 1706 1072 1744 reverti.

169 1757 376 1808 Imprimat
393 1757 466 1804 his,
484 1771 584 1804 cura,
603 1757 804 1797 Maecenas
824 1759 933 1810 signa
950 1759 1111 1798 tabellis.

168 1810 332 1858 Dixeris,
350 1810 553 1861 Experiar:
582 1810 622 1848 Si
639 1811 708 1858 vis,
727 1814 847 1863 potes,
866 1813 974 1851 addit
992 1815 1031 1851 et
1050 1813 1181 1852 instat.

167 1863 361 1915 Septimus
380 1865 514 1902 octavo
531 1865 683 1916 propior
694 1865 777 1917 jam
794 1865 936 1917 fugerit
954 1880 1087 1905 annus.

168 1917 232 1955 Ex
248 1931 324 1967 quo
342 1917 541 1956 Maecenas
559 1932 620 1956 me
638 1919 761 1970 coepit
778 1919 916 1958 habere
934 1934 1089 1958 suorum

168 1970 219 2008 In
237 1983 417 2018 numero3
443 1971 630 2010 duntaxat
648 1972 697 2010 ad
714 1973 798 2020 hoc,
817 1986 930 2023 quem
947 1973 1081 2012 toUere
1099 1974 1217 2013 rheda

167 2023 294 2062 Vellet
312 2024 386 2062 iter
404 2024 543 2063 faciens
562 2028 602 2063 et
620 2026 680 2063 cui
694 2027 914 2065 concredere
932 2041 958 2064 n
1236 2059 1247 2066 ..

167 2076 257 2116 Hoc
267 2091 408 2129 genus:
429 2078 539 2117 Hora
549 2081 666 2129 quota
679 2082 737 2118 est
752 2079 770 2118 Ξ)
789 2079 918 2118 Thrax
932 2084 990 2119 est
1005 2081 1157 2119 Gallina
1170 2082 1266 2133 Syro
1280 2096 1346 2133 par
1360 2082 1377 2121 Ξ)

167 2130 367 2169 Matutina
381 2144 517 2182 parum
535 2134 665 2171 cautos
678 2133 760 2184 jam
777 2133 920 2184 frigora
937 2134 1135 2182 mordent;

167 2183 224 2222 Et
242 2197 337 2234 quae
354 2185 492 2223 rimosa.
509 2185 603 2224 bene
622 2186 864 2237 deponuntur
881 2187 922 2225 in
940 2201 1041 2226 aure.

168 2236 243 2275 Per
260 2239 390 2276 totum
407 2238 478 2276 hoc
497 2241 648 2290 tempus
668 2240 870 2291 subjectior
887 2241 927 2278 in
946 2241 1046 2280 diem
1065 2243 1104 2280 et
1123 2242 1256 2280 horam

168 2290 341 2329 Invidiae
358 2293 498 2330 noster.
553 2292 682 2331 Ludos
700 2296 934 2344 spectaverat
952 2308 1039 2341 una,

167 2343 330 2382 Luserat
348 2344 388 2382 in
408 2344 572 2396 Campo!
601 2346 794 2385 Fortunae
813 2347 925 2394 filius,
946 2361 1087 2386 omnes.

168 2396 346 2448 Frigidus
365 2411 388 2435 a
405 2397 555 2436 Rostris
573 2402 704 2438 manat
722 2414 789 2451 per
806 2401 973 2452 compita
991 2415 1139 2440 rumor:

167 2449 389 2501 Quicunque
407 2451 540 2490 obvius
559 2455 628 2500 est,
646 2467 707 2491 me
726 2454 911 2492 consulit:
942 2455 975 2492 Ο
994 2455 1102 2502 bone,
1122 2469 1210 2492 nam
1229 2458 1268 2494 te

167 2503 281 2550 Scire,
300 2503 388 2542 deos
407 2505 585 2555 quoniam
602 2507 754 2557 propius
773 2508 975 2559 contingis,
994 2510 1167 2559 oportet3

166 2556 367 2608 Numquid
385 2558 430 2596 de
450 2558 564 2597 Dacis
583 2559 753 2599 audisti?
781 2561 851 2598 Nil
870 2561 1055 2612 equidem.
1112 2561 1169 2599 Ut
1188 2563 1233 2599 tu

167 2609 322 2661 Semper
340 2611 411 2650 eris
430 2611 592 2651 derisor!
620 2613 676 2652 At
694 2627 824 2652 omnes
843 2614 882 2652 di
900 2615 1096 2666 exagitent
1115 2628 1186 2661 me,

742 2679 769 2705 R
