1670 2736
560 131 646 160 1213.
663 131 695 159 1.
713 131 844 161 mer.
862 132 913 160 11.
1305 123 1383 161 257

164 225 238 266 cui
252 225 457 280 pulchrum
472 226 549 266 fuit
565 227 608 265 in
625 227 771 266 medios
789 227 953 267 dormire
971 227 1062 276 dies,
1081 231 1121 267 et

163 279 231 320 Aa
246 279 452 332 strepitum
468 280 636 319 citharae
654 283 843 320 cessatum
861 281 996 320 ducere
1013 295 1154 321 curam.

216 332 277 373 Ut
287 333 469 386 jugulent
485 333 670 382 homines,
688 337 853 386 surgunt
870 335 917 374 de
934 337 1047 374 nocte
1063 335 1250 374 latrones:

161 386 222 426 Ut
237 389 280 427 te
295 387 424 439 ipsum
440 399 577 435 serves,
593 401 672 426 non
690 388 957 440 expergisceris
970 388 990 427 Ρ
1017 389 1150 440 Atqui,

161 439 205 479 Si
219 440 326 480 noles
343 453 468 489 sanus,
486 454 612 480 curres
629 441 881 493 hydropicus3
908 444 948 481 et
965 442 1007 480 ni

161 493 301 534 Posces
318 496 408 533 ante
425 494 527 533 diem
543 494 684 533 librum
701 508 789 533 cum
806 495 960 543 lumine,
979 495 1011 533 si
1028 509 1107 534 non

162 547 348 587 Intendes
365 547 536 587 animum
552 547 690 586 studiis
707 550 747 587 et
764 549 875 588 rebus
893 549 1075 597 honestis,

162 600 317 640 Invidia
331 600 395 640 vel
413 614 540 640 amore
556 601 652 653 vigil
668 603 904 654 torquebere.
958 602 1063 641 Nam
1081 616 1159 650 cur,

164 654 269 702 Quae
285 654 442 694 laedunt
459 654 624 702 oculum,
641 655 797 694 festinas
815 656 985 704 demere;
1013 656 1046 695 si
1063 657 1155 708 quid

163 707 240 746 Est
257 708 439 756 animum,
456 707 583 747 differs
601 709 757 747 curandi
773 712 926 761 tempus
943 710 984 748 iu
1002 710 1176 749 annum?

163 761 379 800 Dimidium
394 761 498 810 facti,
517 762 583 814 qui
600 762 736 813 coepit,
754 762 892 802 habet:
921 776 1048 814 sapere
1066 764 1184 812 aude3

163 814 307 866 Incipe.
361 814 437 864 Qui
453 817 556 854 recte
572 815 725 855 vivendi
741 818 922 868 prorogat
938 817 1083 865 horam,

163 867 346 907 Rusticus
363 870 569 920 exspectat,
587 869 680 907 dum
698 869 842 908 defluat
859 870 1003 918 amnis3
1030 873 1071 909 at
1089 870 1152 910 ille

163 921 326 961 Labitur
342 924 383 961 et
399 921 550 961 labetur
565 922 608 960 in
625 936 737 961 omne
755 923 930 962 volubilis
948 937 1095 962 aevum.

217 975 420 1022 Quaeritur
437 977 639 1027 argentum
656 976 855 1028 puerisque
872 978 984 1016 beata
1001 978 1168 1016 creandis

163 1028 283 1076 Uxor,
299 1030 340 1067 et
356 1028 521 1067 incultae
537 1032 723 1080 pacantur
740 1044 891 1069 vomere
909 1031 1045 1070 silvae:

163 1081 275 1130 Quod
291 1081 382 1120 satis
399 1083 458 1121 est
476 1082 538 1120 cui
555 1083 757 1135 contingit,
775 1084 872 1122 nihil
889 1084 1048 1135 amplius
1067 1087 1186 1136 optet.

162 1134 256 1174 Non
272 1135 406 1174 domus
424 1137 464 1174 et
481 1135 632 1184 fimdus,
650 1151 729 1175 non
746 1136 841 1176 aeris
859 1151 1013 1176 acervus
1031 1143 1071 1177 et
1089 1139 1171 1177 auri

162 1189 333 1240 Aegroto
349 1189 495 1228 domini
512 1190 670 1228 deduxit
688 1204 843 1242 corpore
860 1191 993 1239 febres,

163 1241 256 1280 Non
273 1242 399 1281 animo
417 1256 536 1281 curas.
590 1243 726 1282 Valeat
744 1258 935 1295 possessor
952 1247 1116 1296 oportet,

161 1295 202 1333 Si
219 1296 466 1347 comportatis
484 1296 596 1335 rebus
613 1297 709 1336 bene
726 1298 873 1349 cogitat
890 1298 962 1337 uti.

161 1349 236 1396 Qui
253 1349 359 1400 cupit
377 1351 445 1388 aut
462 1350 614 1398 metuit,
627 1350 740 1402 juvat
757 1351 867 1390 illum
885 1352 938 1391 sic
956 1353 1091 1391 domus
1110 1355 1149 1391 et
1168 1366 1238 1400 res,

159 1401 219 1440 Ut
235 1401 382 1454 lippum
398 1403 523 1454 pictae
539 1404 703 1452 tabulae,
720 1405 891 1444 fomenta
906 1406 1125 1458 podagram,

159 1456 358 1495 Auriculas
377 1456 544 1496 citharae
561 1457 718 1496 collecta
735 1459 843 1497 sorde
861 1459 1044 1499 dolentes.

160 1508 357 1548 Sincerum
373 1511 433 1548 est
449 1510 524 1548 nisi
540 1523 619 1559 vas,
638 1511 886 1563 quodcunque
903 1513 1084 1561 infundis,
1102 1514 1251 1552 acescit.

213 1562 355 1614 Sperne
371 1563 589 1615 voluptates
603 1580 612 1612 ;
638 1567 751 1603 nocet
769 1568 899 1616 empta
916 1566 1043 1605 dolore
1060 1567 1249 1618 voluptas.

161 1616 317 1667 Semper
334 1629 467 1655 avarus
485 1619 595 1668 eget3
622 1620 770 1656 certum
787 1622 878 1657 voto
896 1621 984 1670 pete
1002 1620 1129 1658 finem.

163 1669 322 1707 Invidus
341 1669 495 1708 alterius
512 1671 710 1710 macrescit
728 1672 839 1710 rebus
858 1673 1017 1723 opimis;

163 1722 315 1761 Invidia
332 1723 450 1762 Siculi
466 1737 544 1763 non
560 1724 736 1763 invenere
753 1726 908 1777 tyranni

162 1776 290 1827 Majus
307 1778 555 1816 tormentum.
610 1778 685 1826 Qui
701 1792 779 1817 non
796 1779 1054 1818 moderabitur
1070 1780 1158 1827 irae,

162 1829 356 1868 Infectum
373 1830 476 1870 volet
494 1844 585 1878 esse,
604 1832 712 1870 dolor
729 1833 831 1883 quod
848 1834 1007 1872 suaserit
1026 1835 1065 1872 et
1083 1848 1200 1882 mem,

160 1883 267 1922 Dum
284 1897 424 1935 poenas
438 1884 526 1923 odio
543 1898 611 1936 per
628 1885 708 1923 vim
725 1885 883 1925 festinat
900 1887 1037 1926 inulto.

159 1935 227 1975 Ira
241 1936 347 1975 furor
362 1937 487 1976 brevis
505 1941 585 1977 est:
614 1939 785 1978 animum
801 1953 902 1992 rege,
921 1940 987 1992 qui
1003 1940 1078 1979 nisi
1094 1943 1215 1992 paret,

161 1990 354 2041 Imperat3
380 1991 483 2030 hunc
500 1991 627 2040 frenis,
644 1993 747 2031 hunc
764 1995 812 2032 tu
829 2007 1024 2045 compesce
1041 1997 1185 2033 catena.

161 2043 296 2095 Fingit
313 2057 454 2096 equum
470 2047 602 2084 tenera
619 2046 780 2085 docilem
798 2047 941 2086 cervice
959 2048 1143 2099 magister

160 2097 224 2135 Ire
241 2097 354 2146 viam,
372 2111 447 2150 qua
463 2101 653 2138 monstret
671 2113 806 2151 eques3
833 2101 1041 2149 venaticus,
1060 2115 1106 2140 ex
1125 2115 1199 2153 quo

161 2149 347 2202 Tempore
364 2152 555 2191 cervinam
572 2153 710 2204 pellem
727 2153 884 2192 latravit
901 2154 942 2192 in
960 2155 1056 2203 aula,

162 2203 311 2242 Militat
328 2204 370 2242 in
386 2205 491 2244 silvis
509 2206 670 2245 catulus.
725 2207 841 2246 Nunc
859 2208 994 2247 adhibe
1012 2221 1108 2260 puro

162 2256 322 2296 Pectore
339 2259 465 2306 verba,
483 2273 586 2310 puer,
604 2274 706 2299 nunc
724 2263 765 2299 te
782 2261 998 2300 melioribus
1017 2262 1120 2300 offer.

163 2310 248 2357 Quo
266 2311 382 2350 semel
398 2314 457 2351 est
474 2312 623 2352 imbuta
639 2327 779 2362 recens,
798 2315 963 2353 servabit
983 2315 1137 2354 odorem

164 2363 281 2402 Testa
297 2364 374 2402 diu.
429 2365 540 2413 Quod
557 2367 589 2405 si
607 2381 728 2406 cessas
746 2370 814 2406 aut
832 2370 1008 2407 strenuus
1026 2369 1160 2407 anteiS.

164 2416 248 2455 Nec
264 2418 418 2456 tardum
435 2419 606 2470 opperior
624 2434 692 2460 nec
709 2421 1016 2472 praecedentibus
1033 2422 1147 2460 inst0.
