1670 2736
586 120 670 148 ΗΒ.
689 119 738 147 11.
759 118 845 146 snm.
864 117 934 145 111.
1319 106 1398 143 233

175 216 352 269 ,Auribus
369 217 484 267 atque
502 215 642 263 oculis3
668 216 850 261 mentem,
868 213 943 251 nisi
958 210 1161 264 litigiosus,

183 269 388 322 Exciperet
405 269 591 316 dominus,
609 282 698 307 cum
714 268 906 307 venderet.
935 266 1024 304 Hoc
1042 279 1190 317 quoque
1208 264 1346 316 vulgus

185 322 421 375 Chrysippus
438 323 548 374 ponit
564 322 726 361 fecunda
740 321 782 359 in
799 322 916 372 gente
933 319 1103 358 Meneni.

187 376 354 428 Jupiter,
371 376 547 428 ingentes
566 375 632 427 qui
650 375 717 414 das
735 374 943 425 adimisque
962 372 1121 419 dolores,

188 429 319 469 Mater
336 429 391 468 ait
408 429 515 481 pueri
531 442 679 468 menses
692 429 775 480 jam
791 427 957 479 quinque
975 426 1162 474 cubantis,

189 483 348 536 Frigida
363 483 397 521 si
412 496 573 535 puerum
591 484 776 534 quartana
792 480 998 532 reliquerit,
1015 480 1081 518 illo

186 536 306 575 Mane
323 536 395 584 die,
414 550 488 588 quo
505 539 553 575 tu
569 536 704 574 indicis
717 535 872 587 jejunia,
890 533 1015 572 nudus

187 590 239 628 In
257 589 385 629 Tiberi
402 589 533 629 stabit.
588 589 706 628 Casus
724 588 940 627 medicusve
956 586 1092 625 levarit

187 644 360 695 Aegnun
377 657 423 682 ex
440 643 648 695 praecipiti,
665 644 789 680 mater
807 641 924 680 delira
940 640 1091 678 necabit

187 696 239 735 In
255 697 380 748 gelida
397 697 517 735 fixum
534 696 618 747 ripa
633 696 843 746 febrimque
859 694 1026 741 reducet,

187 751 321 798 Quone
338 750 438 789 malo
455 752 633 790 mentem,
643 747 853 788 concussa?
881 747 1034 785 Timore
1052 747 1219 785 deorum.

241 803 350 842 Haec
367 803 463 842 mihi
481 803 698 850 Stertinius,
717 802 932 853 sapientum
949 802 1117 847 octavus,
1136 801 1256 839 amico

188 857 310 895 Arma
326 857 443 904 dedit,
460 857 619 908 posthac
636 869 685 894 ne
703 855 945 906 compellarer
960 854 1118 892 inultus.

189 910 342 949 Dixerit
357 910 533 949 insanum
550 909 616 961 qui
632 923 705 957 me,
723 908 887 947 totidem
904 908 1032 946 audiet
1051 909 1165 958 atque

190 963 390 1015 Respicere
406 963 541 1016 ignoto
558 963 679 1002 discet
696 962 901 1014 pendentia
917 963 1039 1012 tergo.

191 1017 329 1065 Stoice,
346 1019 434 1069 post
452 1017 635 1056 damnum
653 1016 706 1055 sic
723 1016 865 1054 vendas
883 1015 1010 1053 omnia
1026 1014 1157 1065 pluris,

191 1071 276 1119 Qua
290 1084 352 1110 me
369 1069 548 1118 stultitia,
567 1070 747 1121 quoniam
763 1083 841 1108 non
859 1070 918 1107 est
936 1081 1055 1119 genus
1073 1081 1206 1114 unum,

190 1123 363 1163 Insanire
378 1126 491 1176 putas
505 1123 524 1163 P
552 1124 640 1175 Ego
658 1137 749 1161 nam
765 1123 896 1161 videor
913 1121 1009 1159 mihi
1028 1135 1152 1159 sanus.

191 1177 304 1225 Quid,
321 1179 436 1229 caput
454 1177 662 1216 abscissum
678 1176 854 1214 manibus
873 1189 960 1214 cum
976 1177 1106 1226 portat
1125 1175 1257 1226 Agave

191 1230 312 1270 G‘nafi
327 1231 498 1278 infelicis,
517 1228 590 1269 sibi
605 1233 693 1269 tum
710 1229 851 1268 furiosa
867 1229 1019 1267 videtur
1031 1228 1050 1267 P

190 1283 365 1323 Stultum
381 1297 443 1323 me
460 1285 592 1332 fateor,
610 1284 722 1322 liceat
740 1282 940 1321 concedere
958 1281 1068 1328 veris,

188 1337 319 1389 Atque
337 1338 454 1377 etiam
470 1338 669 1385 insanum3
695 1339 851 1375 tantum
867 1336 941 1374 hoc
959 1335 1129 1382 edissere,
1144 1349 1218 1386 quo
1237 1348 1299 1372 me

189 1391 400 1443 Aegrotare
417 1394 528 1443 putes
547 1390 665 1430 animi
681 1390 777 1429 vitio
790 1390 809 1429 ἱ)
836 1389 997 1440 Accipe:
1025 1389 1191 1440 primum

189 1444 390 1492 Aedificas,
407 1445 480 1484 hoc
499 1447 569 1492 est,
587 1445 722 1495 longos
739 1443 913 1490 imitaris,
932 1443 980 1481 ab
997 1442 1075 1480 imo

191 1498 256 1536 Ad
273 1511 467 1536 summum
483 1500 592 1537 totus
610 1497 755 1536 moduli
772 1496 966 1548 bipedalis,
985 1498 1024 1534 et
1042 1496 1144 1534 idem

192 1551 357 1603 Corpore
374 1551 555 1603 majorem
571 1551 671 1589 rides
690 1550 878 1589 Turbonis
896 1550 937 1587 in
955 1549 1070 1587 armis

192 1604 378 1656 Spiritum
395 1607 435 1643 et
452 1605 662 1643 incessum:
691 1605 756 1655 qui
772 1603 951 1641 ridiculus
969 1602 1096 1640 minus
1113 1601 1211 1640 illo?

191 1658 257 1696 An
274 1659 523 1710 quodcunque
541 1658 632 1696 facit
651 1657 865 1704 Maecenas,
882 1658 923 1694 te
942 1669 1089 1707 quoque
1106 1669 1238 1694 verum
1257 1658 1316 1693 est

192 1711 362 1750 Tantum
380 1711 601 1750 dissimilem
619 1713 659 1749 et
676 1712 788 1749 tanto
807 1712 950 1748 certare
967 1709 1184 1748 minorem?

192 1765 374 1804 Absentis
392 1778 505 1803 ranae
521 1764 636 1816 pullis
654 1764 768 1802 vituli
784 1764 879 1815 pede
895 1763 1044 1814 pressis,

193 1818 304 1857 Unus
321 1818 388 1857 ubi
405 1818 552 1870 effugit,
570 1818 686 1856 matri
704 1817 892 1864 denarrat,
910 1819 956 1854 ut
973 1816 1109 1868 ingens

192 1871 328 1911 Benna
345 1874 527 1924 cognatos
546 1871 699 1910 eliserit.
755 1870 829 1909 ma
845 1883 1000 1921 rogare:

193 1925 393 1973 Quantane
409 1925 428 1964 P
455 1939 550 1964 num
566 1927 733 1972 tantum,
747 1924 901 1962 sufflans
919 1937 970 1970 se,
988 1936 1128 1974 magna
1146 1922 1278 1960 fuisset
1294 1922 1311 1960 Ρ

194 1979 321 2031 Major
338 1979 522 2018 dimidios
561 1979 670 2016 Num
687 1980 843 2016 tantum
855 1977 874 2016 Ρ
902 1976 1001 2015 Cum
1018 1977 1140 2027 magis
1160 1978 1274 2027 atque

194 2032 242 2071 Se
260 2033 381 2084 magis
398 2033 571 2079 inflaret3
598 2031 702 2078 Non,
721 2031 754 2069 si
766 2033 807 2070 te
824 2031 981 2082 ruperis,
1001 2030 1138 2081 inquit,
1234 2064 1245 2072 ,,

195 2085 272 2124 Par
289 2087 372 2125 eris.
427 2086 536 2124 Haec
554 2099 577 2124 a
593 2087 635 2124 te
651 2099 729 2123 non
746 2085 915 2123 multum
933 2084 1082 2122 abludit
1099 2083 1238 2134 imago.

195 2139 305 2178 Adde
322 2142 501 2191 poemata
516 2152 630 2185 1111110,
649 2139 722 2177 1100
740 2140 810 2185 est,
829 2138 955 2176 oleum
973 2137 1068 2175 adde
1087 2137 1256 2183 camino3

196 2193 301 2240 Quae
319 2193 351 2231 si
369 2193 453 2244 quis
471 2206 583 2231 sanus
601 2192 704 2239 facit,
723 2195 762 2230 et
782 2205 894 2230 sanus
911 2191 1024 2229 facies
1042 2193 1099 2229 tu.

196 2246 290 2285 Non
307 2246 391 2285 dico
408 2246 636 2285 horrendam
652 2245 806 2284 rabiem.
862 2244 890 2282 J
892 2258 954 2282 am
973 2244 1111 2282 desine.
1167 2243 1326 2281 Cultum

198 2299 386 2351 Majorem
404 2313 528 2338 censu.
583 2299 740 2346 Tenens,
758 2298 1000 2349 Damasippe,
1018 2298 1097 2335 tuis
1114 2300 1166 2335 te.

199 2352 310 2391 Mille
326 2353 549 2404 puellarum,
566 2365 769 2403 puerorum
786 2351 890 2390 mille
907 2351 1063 2389 furores.

200 2405 234 2444 O
251 2406 371 2458 major
387 2406 543 2445 tandem
560 2419 702 2457 parcas,
720 2406 862 2454 insane,
880 2405 1039 2443 minori!
