1670 2736
563 115 648 143 1118.
666 115 725 143 tv.
745 113 872 143 om.
890 113 950 142 IV.

336 209 475 250 Videre
492 210 625 250 Raetis
642 211 742 250 bella
754 211 824 249 sub
842 210 1004 261 Alpibus

337 263 509 302 Drusum
525 267 721 316 gerentem
737 263 924 303 Vindelici
937 280 946 311 ;
973 262 1109 314 quibus

390 317 479 356 Mos
496 318 597 357 unde
615 318 799 357 deductus
816 331 883 369 per
901 330 1012 356 omne

443 370 609 423 Tempus
627 371 836 411 Amazonia
852 371 972 410 securi

336 457 502 497 Dextras
519 459 701 507 obarmet‚
719 472 894 511 quaerere
912 458 1055 506 distuli,

336 511 420 550 Nee
438 512 532 551 seire
548 513 604 551 fas
622 516 681 552 est
699 514 847 561 omnia3
874 513 940 551 sed
957 512 1023 550 diu

390 565 560 617 Lateque
576 567 750 606 victrices
768 569 938 606 catervae

442 618 618 659 Consiliis
631 620 782 672 juvenis
800 620 963 659 revictae

338 706 504 754 Semere,
522 707 614 758 quid
630 721 737 747 mens
754 708 839 756 rite,
858 708 949 759 quid
966 707 1109 746 indoles

338 759 500 799 Nutrita
515 761 649 799 faustis
668 762 738 801 sub
755 761 1010 813 penetralibus

390 812 537 861 Posset,
556 815 647 865 quid
664 815 834 867 Augusti
851 818 1030 866 paternus

442 866 491 904 In
508 881 642 918 pueros
660 869 807 907 animus
825 869 1008 907 Nerones.

337 953 471 993 Fortes
489 958 664 995 creantur
680 958 842 996 fortibus
860 961 900 997 et
917 958 1048 1004 bonis3

335 1007 410 1046 Est
426 1007 467 1046 in
478 1008 662 1060 juvenci&
680 1013 739 1050 est
756 1011 798 1050 in
816 1012 920 1063 equis
938 1014 1090 1063 patrum

386 1060 531 1110 Virtus,
550 1077 670 1115 neque
687 1065 877 1104 imbellem
894 1066 1033 1104 feroces

439 1115 699 1168 Progenerant
717 1119 861 1170 aquilae
879 1119 1091 1158 columbam
1105 1135 1113 1166 ;

331 1202 519 1243 Doctrina
536 1205 602 1243 sed
618 1206 698 1244 vim
714 1210 911 1258 promovet
929 1208 1095 1254 insitam,

333 1255 520 1308 Rectique
537 1259 662 1298 cultus
679 1262 833 1311 pectora
849 1261 1029 1300 roborant
1043 1278 1051 1308 3

386 1309 590 1363 Utcunque
609 1313 773 1353 defecere
790 1328 924 1362 mores,

437 1364 665 1405 Indeeorant
683 1367 778 1406 bene
795 1371 887 1407 nata
904 1368 1044 1419 eulpae.

331 1450 433 1497 Quid
450 1451 595 1500 debeas,
614 1454 648 1492 Ο
667 1454 803 1503 Roma,
822 1456 1050 1502 Neronibus,

333 1503 458 1542 Testis
473 1505 695 1545 Metaurum
711 1508 853 1547 flumen
870 1512 910 1548 et
929 1508 1147 1548 Hasdrubal

386 1557 570 1597 Devictus
589 1563 628 1598 et
646 1561 802 1612 pulcher
818 1562 973 1614 fugatis,

438 1610 510 1650 Ille
528 1613 606 1651 dies
625 1614 738 1653 Latio
754 1616 932 1664 tenebris,

331 1696 407 1743 Qui
423 1697 566 1748 primus
585 1700 683 1739 alma
700 1701 784 1740 risit
803 1703 948 1750 adorea,

331 1749 448 1789 Dirus
465 1765 532 1802 per
548 1754 658 1793 urbes
677 1755 770 1794 Afer
787 1758 832 1794 ut
852 1756 970 1795 Italas

382 1802 463 1843 Ceu
479 1805 631 1846 flamma
647 1822 714 1859 per
730 1809 860 1848 taedas
877 1810 937 1849 vel
955 1810 1081 1848 Eurus

436 1857 511 1897 Per
528 1859 671 1900 Siculas
689 1862 875 1913 equitavit
893 1863 1024 1902 undas.

329 1943 425 1984 Post
442 1946 514 1986 hoe
532 1949 703 1988 secundis
720 1964 838 2002 usque
855 1951 1044 1990 laboribus

330 1997 504 2040 Romana
519 2002 636 2053 pubes
654 2004 784 2052 erevit,
802 2007 842 2043 et
859 2005 975 2056 impio

380 2051 541 2094 Vastata.
558 2055 772 2096 Poenorum
789 2059 962 2098 tumultu

434 2106 540 2147 Pana
557 2109 645 2149 deos
662 2110 826 2151 habuere
843 2115 977 2161 rectos,

328 2191 511 2246 Dixitque
527 2197 683 2237 tandem
699 2199 864 2250 perfidus
882 2200 1077 2242 Hannibal
1092 2222 1100 2242 :

328 2245 449 2295 Cervi,
467 2248 643 2301 luporum
659 2253 796 2303 praeda
812 2255 1014 2305 rapacium,

380 2299 575 2342 sectamur
592 2305 705 2353 ultro,
724 2320 816 2358 quos
835 2307 982 2358 opimus

434 2354 581 2396 Fallere
599 2361 639 2397 et
657 2360 820 2412 effligere
833 2363 892 2400 est
910 2362 1136 2415 triumphus.

327 2433 442 2482 Gens,
460 2450 554 2487 quae
572 2443 737 2480 cremato
754 2442 863 2482 fortis
882 2445 928 2483 ab
947 2445 1021 2484 Ilio

325 2486 353 2524 J
355 2491 481 2528 aetata
499 2490 630 2531 Tuscis
648 2495 867 2545 aequoribus
886 2512 989 2537 saera

378 2541 419 2580 N
420 2545 575 2595 atosque
592 2549 833 2600 maturosque
850 2554 976 2602 patres

430 2595 595 2638 Pertulit
613 2599 798 2641 Ausonias
817 2604 864 2642 ad
882 2606 1003 2654 urbes,

1316 101 1389 138 131
