<?xml version="1.0" encoding="UTF-8"?>
<!DOCTYPE html PUBLIC "-//W3C//DTD XHTML 1.0 Transitional//EN"
    "http://www.w3.org/TR/xhtml1/DTD/xhtml1-transitional.dtd">
<html xmlns="http://www.w3.org/1999/xhtml" xml:lang="en" lang="en">
 <head>
  <title>
</title>
<meta http-equiv="Content-Type" content="text/html;charset=utf-8" />
  <meta name='ocr-system' content='tesseract 3.04.00' />
  <meta name='ocr-capabilities' content='ocr_page ocr_carea ocr_par ocr_line ocrx_word'/>
</head>
<body>
  <div class='ocr_page' id='page_1' title='image "./worksfromtextofo00horauoft_0098.png"; bbox 0 0 1670 2736; ppageno 0'>
   <div class='ocr_carea' id='block_1_1' title="bbox 249 107 299 143">
    <p class='ocr_par' dir='ltr' id='par_1_1' title="bbox 249 107 299 143">
     <span class='ocr_line' id='line_1_1' title="bbox 249 107 299 143; baseline 0 0"><span class='ocrx_word' id='word_1_1' title='bbox 249 107 299 143; x_wconf 89' lang='lat'>60</span> 
     </span>
    </p>
   </div>
   <div class='ocr_carea' id='block_1_2' title="bbox 675 120 1067 150">
    <p class='ocr_par' dir='ltr' id='par_1_2' title="bbox 675 120 1067 150">
     <span class='ocr_line' id='line_1_2' title="bbox 675 120 1067 150; baseline 0.008 -3"><span class='ocrx_word' id='word_1_2' title='bbox 675 120 850 148; x_wconf 79' lang='lat' dir='ltr'>HORA&#39;HI</span> <span class='ocrx_word' id='word_1_3' title='bbox 868 121 1067 150; x_wconf 75' lang='lat' dir='ltr'>CARMINA.</span> 
     </span>
    </p>
   </div>
   <div class='ocr_carea' id='block_1_3' title="bbox 192 364 1524 1014">
    <p class='ocr_par' dir='ltr' id='par_1_3' title="bbox 192 364 1524 1014">
     <span class='ocr_line' id='line_1_3' title="bbox 192 364 1524 1014; baseline 0 1722"><span class='ocrx_word' id='word_1_4' title='bbox 192 364 1524 1014; x_wconf 95' lang='lat' dir='ltr'> </span> 
     </span>
    </p>
   </div>
   <div class='ocr_carea' id='block_1_4' title="bbox 531 1097 1207 1138">
    <p class='ocr_par' dir='ltr' id='par_1_4' title="bbox 531 1097 1207 1138">
     <span class='ocr_line' id='line_1_4' title="bbox 531 1097 1207 1138; baseline 0.006 -4"><span class='ocrx_word' id='word_1_5' title='bbox 531 1097 707 1135; x_wconf 77' lang='lat' dir='ltr'>CARMEN</span> <span class='ocrx_word' id='word_1_6' title='bbox 725 1097 915 1135; x_wconf 85' lang='lat' dir='ltr'>IX.—AD</span> <span class='ocrx_word' id='word_1_7' title='bbox 934 1097 976 1136; x_wconf 81' lang='lat' dir='ltr'>O.</span> <span class='ocrx_word' id='word_1_8' title='bbox 996 1098 1207 1138; x_wconf 73' lang='lat' dir='ltr'>VALGIUM.</span> 
     </span>
    </p>
   </div>
   <div class='ocr_carea' id='block_1_5' title="bbox 452 1183 1221 1392">
    <p class='ocr_par' dir='ltr' id='par_1_5' title="bbox 452 1183 1221 1392">
     <span class='ocr_line' id='line_1_5' title="bbox 452 1183 1221 1236; baseline 0.005 -16"><span class='ocrx_word' id='word_1_9' title='bbox 452 1183 543 1220; x_wconf 90' lang='lat' dir='ltr'>Non</span> <span class='ocrx_word' id='word_1_10' title='bbox 562 1196 705 1234; x_wconf 81' lang='lat' dir='ltr'>semper</span> <span class='ocrx_word' id='word_1_11' title='bbox 722 1183 858 1222; x_wconf 85' lang='lat' dir='ltr'><strong>imbres</strong></span> <span class='ocrx_word' id='word_1_12' title='bbox 877 1184 1038 1222; x_wconf 91' lang='lat' dir='ltr'>nubibus</span> <span class='ocrx_word' id='word_1_13' title='bbox 1056 1185 1221 1236; x_wconf 88' lang='lat' dir='ltr'>hispidos</span> 
     </span>
     <span class='ocr_line' id='line_1_6' title="bbox 453 1236 1198 1289; baseline 0.004 -16"><span class='ocrx_word' id='word_1_14' title='bbox 453 1236 615 1274; x_wconf 89' lang='lat' dir='ltr'>Manant</span> <span class='ocrx_word' id='word_1_15' title='bbox 633 1236 673 1273; x_wconf 84' lang='lat' dir='ltr'>in</span> <span class='ocrx_word' id='word_1_16' title='bbox 691 1249 798 1287; x_wconf 84' lang='lat' dir='ltr'>agros</span> <span class='ocrx_word' id='word_1_17' title='bbox 817 1239 883 1275; x_wconf 88' lang='lat' dir='ltr'>aut</span> <span class='ocrx_word' id='word_1_18' title='bbox 901 1250 1003 1275; x_wconf 79' lang='lat' dir='ltr'>mare</span> <span class='ocrx_word' id='word_1_19' title='bbox 1021 1237 1198 1289; x_wconf 80' lang='lat' dir='ltr'>Caspium</span> 
     </span>
     <span class='ocr_line' id='line_1_7' title="bbox 504 1289 1076 1340; baseline 0.005 -15"><span class='ocrx_word' id='word_1_20' title='bbox 504 1289 652 1326; x_wconf 85' lang='lat' dir='ltr'>Vexant</span> <span class='ocrx_word' id='word_1_21' title='bbox 670 1289 879 1339; x_wconf 77' lang='lat' dir='ltr'>inaequales</span> <span class='ocrx_word' id='word_1_22' title='bbox 897 1290 1076 1340; x_wconf 83' lang='lat' dir='ltr'>procellae</span> 
     </span>
     <span class='ocr_line' id='line_1_8' title="bbox 556 1341 1148 1392; baseline 0.005 -13"><span class='ocrx_word' id='word_1_23' title='bbox 556 1341 696 1392; x_wconf 88' lang='lat' dir='ltr'>Usque,</span> <span class='ocrx_word' id='word_1_24' title='bbox 714 1355 782 1380; x_wconf 90' lang='lat' dir='ltr'>nec</span> <span class='ocrx_word' id='word_1_25' title='bbox 800 1342 987 1380; x_wconf 77' lang='lat' dir='ltr'>Armeniis</span> <span class='ocrx_word' id='word_1_26' title='bbox 1006 1343 1046 1380; x_wconf 89' lang='lat' dir='ltr'>in</span> <span class='ocrx_word' id='word_1_27' title='bbox 1063 1344 1148 1392; x_wconf 86' lang='lat' dir='ltr'>oris,</span> 
     </span>
    </p>
   </div>
   <div class='ocr_carea' id='block_1_6' title="bbox 450 1427 1178 1532">
    <p class='ocr_par' dir='ltr' id='par_1_6' title="bbox 450 1427 1178 1532">
     <span class='ocr_line' id='line_1_9' title="bbox 450 1427 1088 1479; baseline 0.005 -15"><span class='ocrx_word' id='word_1_28' title='bbox 450 1428 582 1465; x_wconf 80' lang='lat' dir='ltr'>Amice</span> <span class='ocrx_word' id='word_1_29' title='bbox 600 1427 723 1479; x_wconf 72' lang='lat' dir='ltr'>Valgi,</span> <span class='ocrx_word' id='word_1_30' title='bbox 741 1430 819 1466; x_wconf 85' lang='lat' dir='ltr'>stat</span> <span class='ocrx_word' id='word_1_31' title='bbox 837 1428 972 1479; x_wconf 72' lang='lat' dir='ltr'>glacies</span> <span class='ocrx_word' id='word_1_32' title='bbox 990 1429 1088 1467; x_wconf 89' lang='lat' dir='ltr'>iners</span> 
     </span>
     <span class='ocr_line' id='line_1_10' title="bbox 450 1480 1178 1532; baseline 0.005 -15"><span class='ocrx_word' id='word_1_33' title='bbox 450 1480 601 1518; x_wconf 86' lang='lat' dir='ltr'>Menses</span> <span class='ocrx_word' id='word_1_34' title='bbox 619 1494 684 1531; x_wconf 89' lang='lat' dir='ltr'>per</span> <span class='ocrx_word' id='word_1_35' title='bbox 701 1494 829 1519; x_wconf 89' lang='lat' dir='ltr'>omnes</span> <span class='ocrx_word' id='word_1_36' title='bbox 847 1484 913 1519; x_wconf 90' lang='lat' dir='ltr'>aut</span> <span class='ocrx_word' id='word_1_37' title='bbox 931 1482 1178 1532; x_wconf 77' lang='lat' dir='ltr'>Aquilonibus</span> 
     </span>
    </p>
   </div>
   <div class='ocr_carea' id='block_1_7' title="bbox 504 1533 1066 1625">
    <p class='ocr_par' dir='ltr' id='par_1_7' title="bbox 504 1533 1066 1625">
     <span class='ocr_line' id='line_1_11' title="bbox 504 1533 1060 1584; baseline 0.004 -14"><span class='ocrx_word' id='word_1_38' title='bbox 504 1533 688 1580; x_wconf 76' lang='lat' dir='ltr'>Querceta</span> <span class='ocrx_word' id='word_1_39' title='bbox 705 1534 872 1584; x_wconf 82' lang='lat' dir='ltr'>Gargani</span> <span class='ocrx_word' id='word_1_40' title='bbox 888 1534 1060 1572; x_wconf 86' lang='lat' dir='ltr'>laborant</span> 
     </span>
     <span class='ocr_line' id='line_1_12' title="bbox 555 1586 1066 1625; baseline 0.004 -2"><span class='ocrx_word' id='word_1_41' title='bbox 555 1586 610 1624; x_wconf 85' lang='lat' dir='ltr'>Et</span> <span class='ocrx_word' id='word_1_42' title='bbox 628 1586 724 1624; x_wconf 88' lang='lat' dir='ltr'>foliis</span> <span class='ocrx_word' id='word_1_43' title='bbox 742 1587 945 1624; x_wconf 86' lang='lat' dir='ltr'>viduantur</span> <span class='ocrx_word' id='word_1_44' title='bbox 962 1588 1066 1625; x_wconf 82' lang='lat' dir='ltr'>orni:</span> 
     </span>
    </p>
   </div>
   <div class='ocr_carea' id='block_1_8' title="bbox 451 1672 1210 1882">
    <p class='ocr_par' dir='ltr' id='par_1_8' title="bbox 451 1672 1210 1882">
     <span class='ocr_line' id='line_1_13' title="bbox 451 1672 1140 1725; baseline 0.004 -16"><span class='ocrx_word' id='word_1_45' title='bbox 451 1672 512 1709; x_wconf 88' lang='lat' dir='ltr'>Tu</span> <span class='ocrx_word' id='word_1_46' title='bbox 530 1686 674 1723; x_wconf 86' lang='lat' dir='ltr'>semper</span> <span class='ocrx_word' id='word_1_47' title='bbox 690 1687 801 1725; x_wconf 86' lang='lat' dir='ltr'>urges</span> <span class='ocrx_word' id='word_1_48' title='bbox 818 1674 1002 1712; x_wconf 89' lang='lat' dir='ltr'>flebilibus</span> <span class='ocrx_word' id='word_1_49' title='bbox 1020 1675 1140 1712; x_wconf 87' lang='lat' dir='ltr'>modis</span> 
     </span>
     <span class='ocr_line' id='line_1_14' title="bbox 451 1725 1210 1778; baseline 0.004 -16"><span class='ocrx_word' id='word_1_50' title='bbox 451 1725 610 1776; x_wconf 84' lang='lat' dir='ltr'>Mysten</span> <span class='ocrx_word' id='word_1_51' title='bbox 628 1726 855 1777; x_wconf 86' lang='lat' dir='ltr'>ademptum,</span> <span class='ocrx_word' id='word_1_52' title='bbox 873 1740 941 1764; x_wconf 90' lang='lat' dir='ltr'>nec</span> <span class='ocrx_word' id='word_1_53' title='bbox 958 1727 1030 1765; x_wconf 91' lang='lat' dir='ltr'>tibi</span> <span class='ocrx_word' id='word_1_54' title='bbox 1048 1727 1210 1778; x_wconf 85' lang='lat' dir='ltr'>Vespero</span> 
     </span>
     <span class='ocr_line' id='line_1_15' title="bbox 503 1778 1052 1829; baseline 0.004 -14"><span class='ocrx_word' id='word_1_55' title='bbox 503 1778 688 1829; x_wconf 77' lang='lat' dir='ltr'>Surgente</span> <span class='ocrx_word' id='word_1_56' title='bbox 707 1779 891 1817; x_wconf 85' lang='lat' dir='ltr'>decedunt</span> <span class='ocrx_word' id='word_1_57' title='bbox 910 1793 1052 1818; x_wconf 83' lang='lat' dir='ltr'>amores</span> 
     </span>
     <span class='ocr_line' id='line_1_16' title="bbox 555 1831 1165 1882; baseline 0.002 -13"><span class='ocrx_word' id='word_1_58' title='bbox 555 1831 638 1869; x_wconf 90' lang='lat' dir='ltr'>Nec</span> <span class='ocrx_word' id='word_1_59' title='bbox 655 1832 827 1882; x_wconf 88' lang='lat' dir='ltr'>rapidum</span> <span class='ocrx_word' id='word_1_60' title='bbox 844 1832 1012 1882; x_wconf 76' lang='lat' dir='ltr'>fugiente</span> <span class='ocrx_word' id='word_1_61' title='bbox 1031 1833 1165 1870; x_wconf 86' lang='lat' dir='ltr'>Solem.</span> 
     </span>
    </p>
   </div>
   <div class='ocr_carea' id='block_1_9' title="bbox 451 1918 1170 2127">
    <p class='ocr_par' dir='ltr' id='par_1_9' title="bbox 451 1918 1170 2074">
     <span class='ocr_line' id='line_1_17' title="bbox 451 1918 1170 1956; baseline 0.003 -2"><span class='ocrx_word' id='word_1_62' title='bbox 451 1918 506 1954; x_wconf 90' lang='lat' dir='ltr'>At</span> <span class='ocrx_word' id='word_1_63' title='bbox 524 1930 601 1955; x_wconf 91' lang='lat' dir='ltr'>non</span> <span class='ocrx_word' id='word_1_64' title='bbox 618 1919 677 1955; x_wconf 85' lang='lat' dir='ltr'>ter</span> <span class='ocrx_word' id='word_1_65' title='bbox 694 1931 784 1956; x_wconf 74' lang='lat' dir='ltr'>aevo</span> <span class='ocrx_word' id='word_1_66' title='bbox 803 1919 954 1956; x_wconf 71' lang='lat' dir='ltr'>functus</span> <span class='ocrx_word' id='word_1_67' title='bbox 973 1919 1170 1956; x_wconf 83' lang='lat' dir='ltr'>amabilem</span> 
     </span>
     <span class='ocr_line' id='line_1_18' title="bbox 451 1970 1158 2010; baseline 0.004 -4"><span class='ocrx_word' id='word_1_68' title='bbox 451 1970 619 2007; x_wconf 84' lang='lat' dir='ltr'>Ploravit</span> <span class='ocrx_word' id='word_1_69' title='bbox 636 1983 764 2008; x_wconf 89' lang='lat' dir='ltr'>omnes</span> <span class='ocrx_word' id='word_1_70' title='bbox 782 1971 1029 2008; x_wconf 71' lang='lat' dir='ltr'>Antilochum</span> <span class='ocrx_word' id='word_1_71' title='bbox 1047 1984 1158 2010; x_wconf 87' lang='lat' dir='ltr'>senex</span> 
     </span>
     <span class='ocr_line' id='line_1_19' title="bbox 475 2023 1130 2074; baseline 0.005 -15"><span class='ocrx_word' id='word_1_72' title='bbox 475 2049 478 2052; x_wconf 62' lang='grc'><strong><em>«</em></strong></span> <span class='ocrx_word' id='word_1_73' title='bbox 503 2023 646 2068; x_wconf 88' lang='lat' dir='ltr'>Annos,</span> <span class='ocrx_word' id='word_1_74' title='bbox 664 2036 732 2061; x_wconf 91' lang='lat' dir='ltr'>nec</span> <span class='ocrx_word' id='word_1_75' title='bbox 750 2023 941 2074; x_wconf 83' lang='lat' dir='ltr'>impubem</span> <span class='ocrx_word' id='word_1_76' title='bbox 957 2026 1130 2074; x_wconf 89' lang='lat' dir='ltr'>parentes</span> 
     </span>
    </p>

    <p class='ocr_par' dir='ltr' id='par_1_10' title="bbox 555 2075 1157 2127">
     <span class='ocr_line' id='line_1_20' title="bbox 555 2075 1157 2127; baseline 0.005 -15"><span class='ocrx_word' id='word_1_77' title='bbox 555 2075 707 2113; x_wconf 73' lang='lat' dir='ltr'>Troilon</span> <span class='ocrx_word' id='word_1_78' title='bbox 724 2079 790 2114; x_wconf 85' lang='lat' dir='ltr'>aut</span> <span class='ocrx_word' id='word_1_79' title='bbox 809 2076 998 2127; x_wconf 72' lang='lat' dir='ltr'>Phrygiae</span> <span class='ocrx_word' id='word_1_80' title='bbox 1016 2090 1157 2115; x_wconf 88' lang='lat' dir='ltr'>sorores</span> 
     </span>
    </p>
   </div>
   <div class='ocr_carea' id='block_1_10' title="bbox 449 2161 1190 2372">
    <p class='ocr_par' dir='ltr' id='par_1_11' title="bbox 449 2161 1190 2372">
     <span class='ocr_line' id='line_1_21' title="bbox 451 2161 1157 2212; baseline 0.004 -14"><span class='ocrx_word' id='word_1_81' title='bbox 451 2161 605 2199; x_wconf 85' lang='lat' dir='ltr'>Flevere</span> <span class='ocrx_word' id='word_1_82' title='bbox 623 2175 777 2212; x_wconf 88' lang='lat' dir='ltr'>semper.</span> <span class='ocrx_word' id='word_1_83' title='bbox 831 2162 970 2201; x_wconf 87' lang='lat' dir='ltr'>Desine</span> <span class='ocrx_word' id='word_1_84' title='bbox 988 2163 1157 2201; x_wconf 83' lang='lat' dir='ltr'>mollium</span> 
     </span>
     <span class='ocr_line' id='line_1_22' title="bbox 449 2214 1190 2266; baseline 0.004 -15"><span class='ocrx_word' id='word_1_85' title='bbox 449 2214 617 2252; x_wconf 85' lang='lat' dir='ltr'>Tandem</span> <span class='ocrx_word' id='word_1_86' title='bbox 635 2215 876 2265; x_wconf 84' lang='lat' dir='ltr'>querelarum,</span> <span class='ocrx_word' id='word_1_87' title='bbox 894 2218 933 2253; x_wconf 93' lang='lat' dir='ltr'>et</span> <span class='ocrx_word' id='word_1_88' title='bbox 950 2216 1075 2266; x_wconf 86' lang='lat' dir='ltr'>potius</span> <span class='ocrx_word' id='word_1_89' title='bbox 1092 2230 1190 2254; x_wconf 85' lang='lat' dir='ltr'>nova</span> 
     </span>
     <span class='ocr_line' id='line_1_23' title="bbox 503 2266 1060 2319; baseline 0.005 -16"><span class='ocrx_word' id='word_1_90' title='bbox 503 2266 706 2305; x_wconf 87' lang='lat' dir='ltr'>Cantemus</span> <span class='ocrx_word' id='word_1_91' title='bbox 724 2268 890 2319; x_wconf 82' lang='lat' dir='ltr'>Augusti</span> <span class='ocrx_word' id='word_1_92' title='bbox 907 2270 1060 2318; x_wconf 89' lang='lat' dir='ltr'>tropaea</span> 
     </span>
     <span class='ocr_line' id='line_1_24' title="bbox 554 2319 1182 2372; baseline 0.005 -15"><span class='ocrx_word' id='word_1_93' title='bbox 554 2319 719 2358; x_wconf 80' lang='lat' dir='ltr'>Caesaris</span> <span class='ocrx_word' id='word_1_94' title='bbox 738 2323 777 2358; x_wconf 92' lang='lat' dir='ltr'>et</span> <span class='ocrx_word' id='word_1_95' title='bbox 794 2321 958 2371; x_wconf 86' lang='lat' dir='ltr'>rigidum</span> <span class='ocrx_word' id='word_1_96' title='bbox 975 2321 1182 2372; x_wconf 74' lang='lat' dir='ltr'>Niphaten,</span> 
     </span>
    </p>
   </div>
   <div class='ocr_carea' id='block_1_11' title="bbox 449 2406 1217 2615">
    <p class='ocr_par' dir='ltr' id='par_1_12' title="bbox 449 2406 1217 2615">
     <span class='ocr_line' id='line_1_25' title="bbox 450 2406 1217 2457; baseline 0.004 -15"><span class='ocrx_word' id='word_1_97' title='bbox 450 2406 679 2456; x_wconf 90' lang='lat' dir='ltr'>Medumque</span> <span class='ocrx_word' id='word_1_98' title='bbox 695 2406 836 2444; x_wconf 89' lang='lat' dir='ltr'>fiumen</span> <span class='ocrx_word' id='word_1_99' title='bbox 853 2407 1028 2457; x_wconf 86' lang='lat' dir='ltr'>gentibus</span> <span class='ocrx_word' id='word_1_100' title='bbox 1046 2408 1217 2445; x_wconf 88' lang='lat' dir='ltr'>additum</span> 
     </span>
     <span class='ocr_line' id='line_1_26' title="bbox 449 2458 1100 2507; baseline 0.003 -12"><span class='ocrx_word' id='word_1_101' title='bbox 449 2458 571 2496; x_wconf 85' lang='lat' dir='ltr'>Victis</span> <span class='ocrx_word' id='word_1_102' title='bbox 589 2458 749 2496; x_wconf 85' lang='lat' dir='ltr'>minores</span> <span class='ocrx_word' id='word_1_103' title='bbox 767 2459 914 2497; x_wconf 86' lang='lat' dir='ltr'>volvere</span> <span class='ocrx_word' id='word_1_104' title='bbox 931 2460 1100 2507; x_wconf 88' lang='lat' dir='ltr'>vertices,</span> 
     </span>
     <span class='ocr_line' id='line_1_27' title="bbox 502 2511 1148 2562; baseline 0.005 -15"><span class='ocrx_word' id='word_1_105' title='bbox 502 2511 683 2561; x_wconf 87' lang='lat' dir='ltr'>Intraque</span> <span class='ocrx_word' id='word_1_106' title='bbox 700 2512 969 2562; x_wconf 77' lang='lat' dir='ltr'>praescriptum</span> <span class='ocrx_word' id='word_1_107' title='bbox 987 2512 1148 2551; x_wconf 82' lang='lat' dir='ltr'>Gelonos</span> 
     </span>
     <span class='ocr_line' id='line_1_28' title="bbox 553 2563 1064 2615; baseline 0.006 -15"><span class='ocrx_word' id='word_1_108' title='bbox 553 2563 711 2615; x_wconf 84' lang='lat' dir='ltr'>Exiguis</span> <span class='ocrx_word' id='word_1_109' title='bbox 730 2564 895 2615; x_wconf 83' lang='lat' dir='ltr'>equitare</span> <span class='ocrx_word' id='word_1_110' title='bbox 914 2565 1064 2615; x_wconf 88' lang='lat' dir='ltr'>campis.</span> 
     </span>
    </p>
   </div>
  </div>
 </body>
</html>
