1670 2736
230 87 281 125 66

659 91 836 120 Hommn
855 90 1057 118 CARMINA.

508 904 687 943 OARMEN
704 904 934 943 ΚΗΓ-ΑΙ)
953 904 1203 943 PosrUMUM.

445 980 559 1018 Eheu
575 980 738 1031 fugaces,
757 980 951 1026 Postume,
970 980 1164 1026 Postume,

447 1033 648 1071 Labuntur
665 1033 755 1071 anni
771 1046 840 1071 nec
857 1033 977 1084 pietas
995 1046 1140 1071 moram

495 1086 618 1137 Rugis
636 1088 676 1124 et
694 1086 856 1124 instanti
874 1087 1044 1124 senectae

547 1140 693 1178 Afferet
709 1139 989 1189 indomitaeque
1006 1138 1187 1185 morti,-—-

443 1215 546 1261 Non,
565 1215 597 1252 si
614 1214 786 1261 trecenis,
805 1216 992 1265 quotquot
1010 1215 1103 1252 eunt
1121 1213 1210 1259 dies,

444 1267 589 1314 Amice,
606 1268 728 1318 places
745 1267 1039 1305 illacrimabilem

497 1320 664 1358 Plutona
679 1320 810 1366 tauris,
829 1320 894 1370 qui
911 1322 971 1358 ter
988 1319 1156 1370 amplum

549 1373 751 1424 Geryonen
769 1372 984 1423 Tityonque
1002 1372 1106 1410 tristi

446 1447 660 1498 Oompescit
677 1447 790 1495 unda,
808 1447 950 1486 scilicet
969 1446 1154 1493 omnibus,

446 1501 668 1551 Quicunque
685 1503 806 1539 terrae
823 1513 978 1538 munere
995 1499 1191 1545 vescimur,

498 1553 756 1604 Enaviganda,
775 1553 852 1591 sive
869 1566 976 1604 reges

552 1606 639 1644 Sive
655 1607 785 1657 inopes
803 1606 941 1644 erimus
960 1605 1092 1644 coloni.

448 1682 608 1719 Frustra
625 1684 781 1720 cruento
799 1682 928 1720 Marte
946 1681 1153 1719 carebimus

448 1734 670 1785 Fractisque
686 1735 790 1773 rauci
806 1735 983 1773 fluctibus
1002 1733 1180 1779 Hadriae,

501 1788 660 1825 Frustra
676 1801 743 1838 per
760 1790 984 1826 auctumnos
1001 1788 1201 1824 nocentem

553 1840 778 1891 Corporibus
797 1843 1009 1878 metuemus
1027 1839 1234 1876 Austrum:

446 1915 633 1953 Visendus
651 1917 732 1953 ater
748 1915 903 1952 flumine
919 1913 1098 1964 languido

448 1967 611 2018 Cocytos
630 1980 756 2005 errans
774 1970 814 2006 et
831 1967 957 2005 Danai
974 1980 1094 2018 genus

503 2020 651 2058 Infame
670 2021 942 2070 damnatusque
958 2019 1064 2070 longi

555 2073 739 2124 Sisyphus
757 2073 930 2112 Aeolides
947 2072 1095 2110 laboris

452 2148 676 2198 Linquenda
691 2149 804 2187 tellus
823 2150 862 2186 et
881 2148 1013 2186 domus
1032 2149 1072 2185 et
1088 2147 1236 2197 placens

451 2201 569 2248 Uxor,
587 2214 707 2251 neque
724 2202 870 2249 harum,
889 2214 980 2251 quas
999 2200 1100 2247 colis,
1118 2199 1293 2237 arborum

505 2254 559 2291 Te
576 2256 724 2303 praeter
740 2254 878 2292 invisas
897 2266 1088 2304 cupressos

557 2306 646 2344 Ulla
662 2307 815 2345 brevem
832 2307 1027 2345 dominum
1045 2307 1230 2356 sequetur.

451 2382 640 2419 Absumet
656 2382 764 2420 heres
782 2381 953 2419 Caecuba
970 2380 1118 2431 dignior

453 2434 609 2472 Servata
626 2437 780 2472 centum
798 2434 962 2472 clavibus
980 2436 1020 2471 et
1038 2445 1141 2470 mero

504 2487 645 2538 Tinget
662 2487 922 2538 pavimentum
940 2486 1109 2536 superbo,

556 2539 787 2579 Pontificum
804 2539 950 2590 potiore
968 2538 1105 2576 coenis.
