1670 2736
181 112 310 149 ·164

694 120 872 148 HORA'HI
890 121 1026 148 EPODI.

388 215 491 252 Diris
510 227 621 265 agam
638 228 728 262 vos3
746 215 827 253 dira
845 215 1047 254 detestatio

441 267 559 305 Nulla
576 268 747 318 expiatur
764 268 930 306 victima.

388 321 500 368 Quin,
518 321 584 358 ubi
602 321 721 371 perire
734 320 861 371 jussus
880 322 1125 371 exspiravero‚

441 374 662 411 Nocturnus
681 387 872 411 occurram
890 374 1013 412 Furor

390 426 598 476 Petamque
615 426 744 464 vultus
762 427 896 464 umbra
914 427 1036 464 curvis
1055 428 1256 478 unguibus,

444 479 548 525 Quae
565 479 622 516 vis
641 480 796 517 deorum
815 482 873 517 est
890 480 1070 526 manium,

389 532 444 569 Et
462 532 640 582 inquietis
659 532 824 570 assidens
842 533 1064 582 praecordiis

444 585 587 622 Pavore
606 598 755 622 somnos
774 585 951 622 auferam.

387 637 466 675 Vos
484 638 598 675 turba
614 638 769 675 vicatim
786 637 875 675 hinc
894 640 934 676 et
951 638 1040 676 hinc
1060 638 1157 676 saxis
1175 641 1308 689 petens

443 690 662 728 Contundet
681 691 880 728 obscoenas
899 704 1014 737 anus3

394 742 489 780 Post
507 743 696 793 insepulta
712 744 883 781 membra
900 743 1075 782 different
1092 743 1171 794 lupi

446 796 500 833 Et
519 796 738 847 Esquilinae
756 796 885 843 alites3

394 849 531 899 Neque
549 849 621 887 hoc
639 852 812 900 parentes
830 849 906 886 heu
923 849 1018 886 mihi
1037 849 1256 899 superstites

447 902 639 953 Effugerit
659 902 924 952 spectaculum.

457 1722 634 1759 CARMEN
653 1721 831 1759 VL—IN
850 1721 1037 1759 CAsanM
1057 1721 1268 1759 SEVERUM.

406 1797 506 1844 Quid
523 1797 763 1834 immerentes
782 1796 949 1846 hospites
967 1810 1078 1835 vexas
1097 1797 1197 1834 canis

458 1850 625 1900 Ignavus
645 1849 843 1887 adversum
860 1849 999 1899 lupos?

405 1903 507 1950 Quin
525 1902 599 1940 huc
618 1902 759 1948 inanes,
779 1902 810 1939 si
827 1904 946 1952 potes,
965 1903 1081 1940 vertis
1099 1903 1231 1949 minas,

457 1956 512 1992 Et
530 1969 590 1992 me
608 1968 862 1992 remorsurum
879 1955 977 2005 petis
992 1955 1009 1993 P

405 2009 509 2046 Nam
523 2007 642 2057 qualis
661 2010 727 2044 aut
747 2007 938 2045 Molossus
957 2010 1022 2045 aut
1041 2008 1165 2045 fulvus
1185 2008 1322 2054 Lacon,

456 2061 589 2098 Amica
606 2060 664 2097 vis
682 2060 906 2109 pastoribus,

406 2115 532 2164 Agam
549 2126 616 2163 per
634 2113 730 2150 altas
749 2126 836 2150 aure
855 2112 1005 2150 sublata
1022 2114 1138 2160 nives,

457 2167 707 2215 Quaecunque
725 2166 920 2215 praecedet
938 2166 1035 2203 fera:

406 2219 476 2264 Tu,
496 2232 582 2256 cum
600 2218 770 2256 timenda
786 2232 877 2256 voce
895 2218 1090 2268 complesti
1107 2232 1251 2265 nemus,

460 2272 678 2322 Projectum
696 2271 860 2308 odoraris
879 2272 1015 2309 cibum.

407 2325 517 2371 Cave,
537 2337 626 2362 cave
643 2340 650 2361 :
670 2337 831 2374 namque
849 2324 890 2361 in
908 2324 1024 2362 malos
1043 2324 1265 2374 asperrimus

462 2377 602 2414 Parata
619 2376 714 2414 tollo
733 2390 883 2422 cornua,

407 2430 535 2477 Qualis
555 2429 769 2480 Lycambae
789 2432 937 2479 spretus
955 2430 1071 2467 infido
1090 2443 1204 2479 gener

459 2484 542 2519 Aut
562 2496 644 2520 acer
662 2482 783 2519 hostis
803 2482 961 2532 Bupalo.

406 2536 481 2580 An,
501 2535 533 2572 si
551 2535 633 2585 quis
653 2537 735 2572 atro
754 2535 867 2572 dente
886 2549 946 2573 me
964 2535 1152 2585 petiverit,

460 2588 614 2626 Inultus
633 2590 678 2625 ut
696 2588 792 2626 flebo
811 2587 935 2637 puer?
