1670 2736
587 86 671 116 1218.
689 86 740 116 11.
762 87 890 117 cnm.
907 88 1006 122 XIII.

320 183 439 231 Illum
455 185 496 222 et
512 183 681 235 parentis
698 182 921 224 crediderim
938 184 999 223 sui

320 237 495 289 Fregisse
513 237 697 277 cervicem
714 239 755 277 et
771 237 980 289 penetralia.

348 336 355 345 ·
372 289 559 342 Spa-sisse
575 292 765 330 nocturno
783 303 914 330 cruore

424 343 625 396 Hospitis3
641 344 706 383 ille
722 357 869 384 venena
886 343 1029 384 Colcha

318 431 376 470 Et
393 431 577 484 quidquid
592 445 754 484 usquam
771 431 982 484 concipitur
999 432 1103 472 nefas

302 510 304 513 -
457 484 528 534 vit,
545 498 637 537 agro
655 485 722 537 qui
739 485 878 524 statuit
895 499 980 525 meo

371 538 427 577 Te
443 538 557 577 triste
572 539 734 591 lignum,
752 541 793 578 te
812 539 996 578 caducum
1073 571 1078 575 .

423 591 474 630 In
491 592 637 631 domini
654 594 769 644 caput
786 592 1033 632 immerentis.

318 680 419 728 Quid
436 680 594 732 quisque
610 679 722 728 vitet,
739 694 936 732 nunquam
958 681 1106 720 homini
1123 682 1215 720 satis

317 733 486 772 Cautum
503 735 562 772 est
578 733 621 772 in
636 734 770 772 horas:
789 734 921 773 navita.
938 734 1153 786 Bosporum

370 787 521 826 Poenus
538 787 790 839 perhorrescit
806 801 928 839 neque
945 789 1048 827 ultra.

422 839 544 880 Caeca
558 840 673 880 timet
691 840 842 879 aliunde
859 841 951 889 fata,

317 929 431 981 Miles
449 928 611 980 sagittas
629 930 669 968 et
687 928 846 968 celerem
862 929 995 981 fugam

316 982 465 1030 Parthi,
482 984 633 1021 catenas
652 982 820 1021 Parthus
839 985 879 1021 et
898 983 1043 1022 Italum

368 1035 523 1084 Robur3
542 1035 608 1075 sed
624 1035 829 1087 improvisa
845 1036 915 1075 leti

419 1089 489 1128 Vis
506 1089 634 1141 rapuit
651 1089 846 1141 rapietque
864 1093 1010 1142 gentes.

315 1177 439 1224 Quam
455 1190 574 1228 paene
590 1176 720 1216 furvae
738 1190 857 1230 regna
874 1178 1121 1230 Proserpinae

314 1229 371 1268 Et
383 1229 620 1282 judicantem
637 1231 802 1270 vidimus
820 1232 990 1271 Aeacum

367 1283 554 1335 Sedesque
572 1284 751 1323 discretas
768 1285 918 1336 piorum
937 1287 976 1324 et

419 1337 562 1376 Aeoliis
579 1337 718 1377 fidibus
737 1341 958 1390 querentem

242 1414 249 1422 ⁸
287 1463 291 1466 ,
313 1423 465 1475 Sappho
482 1424 617 1476 puellis
636 1425 682 1464 de
700 1426 955 1477 popularibus,

312 1476 370 1515 Et
386 1479 427 1516 te
445 1480 645 1517 sonantem
661 1479 809 1530 plenius
828 1494 952 1528 aureo,

365 1530 514 1579 Alcaee,
532 1531 676 1582 plectro
696 1533 790 1571 dura
807 1534 926 1580 navis,

418 1583 528 1623 Dura
544 1585 656 1636 fugae
674 1586 784 1634 mala,
804 1587 899 1625 dura
916 1587 1025 1625 bem!

312 1670 530 1723 Utrumque
549 1686 653 1711 sacro
672 1673 788 1724 digna
805 1674 957 1713 silentio

312 1724 508 1763 Mirantur
525 1726 680 1765 umbrae
699 1727 821 1766 dicere
835 1745 843 1775 ;
863 1728 929 1766 sed
946 1729 1068 1780 magis

364 1777 519 1829 ‚Pugnae
538 1781 578 1818 et
595 1782 746 1830 exactos
763 1783 947 1832 tyrannos

418 1831 591 1871 Densum
608 1833 775 1872 humeris
793 1835 892 1874 bibit
911 1849 1000 1874 aure
1019 1836 1167 1887 vulgus.

278 1949 282 1953 .
311 1918 413 1966 Quid
429 1909 580 1969 mirum,
597 1921 665 1960 ubi
681 1921 755 1960 illis
774 1923 1001 1962 carnunibus
1020 1927 1176 1976 stupens
1248 1970 1259 1977 ..

312 1971 498 2012 Demittit
517 1976 618 2013 atras
635 1975 746 2014 belua
764 1977 952 2028 centiceps

363 2026 485 2066 Aures
503 2030 543 2066 et
560 2028 697 2067 intorti
714 2029 856 2080 capillis

415 2080 674 2120 Eumenidum
690 2086 908 2122 recreantur
925 2097 1066 2136 angues
1083 2084 1101 2124 ,Ρ

312 2166 414 2214 Quin
431 2169 471 2206 et
489 2167 740 2209 Prometheus
759 2173 799 2209 et
818 2171 968 2223 Pelopis
986 2186 1119 2224 parens

312 2219 428 2258 Dulci
443 2220 615 2261 laborum
634 2223 820 2275 decipitur
838 2239 952 2273 sono3

364 2273 448 2312 Nec
467 2278 574 2314 curat
593 2276 710 2316 Orion
728 2278 853 2317 leones

416 2327 499 2367 Aut
516 2329 671 2369 timidos
690 2331 834 2383 agitare
852 2332 994 2384 lyncas.
