1670 2736
267 101 318 138 64
692 110 869 138 nommn
887 109 1088 138 CARMHA.

474 204 543 243 Me
560 204 684 243 dulces
703 204 874 243 dominae
891 205 1006 244 Musa
1023 205 1242 257 Licymniae

474 257 630 305 Cantus,
648 271 708 296 me
725 258 847 296 voluit
864 257 984 297 dicere
1001 259 1168 297 lucidum

474 310 681 361 Fulgentes
700 311 825 349 oculos
844 313 883 349 et
900 311 994 350 bene
1011 311 1156 350 mutuis

578 362 718 412 Fidum
734 365 866 414 pectus
883 364 1093 412 amoribus3

473 438 595 486 Quam
612 451 681 477 nec
698 439 793 477 ferre
810 439 943 490 pedem
961 439 1133 478 dedecuit
1151 440 1274 479 choris

473 491 556 529 Nec
575 494 716 529 certare
728 491 814 542 joco
831 504 899 530 nec
917 491 1004 530 dare
1020 492 1172 531 brachia

473 544 686 582 Ludentem
702 544 832 582 nitidis
849 544 1057 595 virginibus
1075 558 1178 584 sacro

577 597 722 635 Dianae
739 597 891 636 celebris
909 597 980 636 die.

472 672 579 710 Num
596 674 653 720 tu,
672 685 765 723 quae
781 672 908 711 tenuit
925 673 1028 711 dives
1046 673 1312 722 Achaemenes,

471 725 553 763 Aut
570 725 720 776 pinguis
738 725 928 777 Phrygiae
945 726 1174 777 Mygdonias
1191 740 1279 778 opes

472 777 692 816 Permutare
708 778 799 816 velis
817 779 918 817 crine
935 778 1165 830 Licymniae,

576 830 711 869 Plenas
729 833 795 870 aut
812 831 981 870 Arabum
998 832 1128 870 domos
1141 832 1213 871 P—

472 906 577 943 Dum
593 905 791 957 flagrantia
807 906 1005 957 detorquet
1023 907 1071 945 ad
1088 907 1213 946 oscula

472 958 664 997 Cervicem
681 961 747 997 aut
764 959 864 998 facili
881 959 1036 998 saevitia
1051 962 1178 1011 negat,

472 1012 575 1059 Quae
591 1014 767 1062 poscente
783 1012 903 1063 magis
921 1013 1083 1063 gaudeat
1100 1013 1203 1064 eripi,

474 1064 674 1103 Interdum
690 1078 818 1116 rapere
836 1068 1003 1116 occupet.

323 2242 500 2281 CARMEN
517 2242 745 2281 XIII.—IN
761 2254 971 2290 ΑΒΒΟΒΕΜ,
990 2253 1116 2281 cums
1136 2253 1237 2282 CASU
1256 2255 1303 2282 m
1320 2255 1429 2283 Aeno

553 2295 708 2334 SABINO
727 2307 859 2334 PAENE
879 2307 1102 2335 omumssus
1120 2307 1204 2334 EST,

409 2380 479 2418 Ille
497 2382 537 2418 et
554 2380 699 2419 nefasto
716 2382 756 2418 te
773 2380 900 2431 posuit
918 2380 988 2428 die,

408 2433 628 2483 Quicunque
644 2433 819 2484 primum,
838 2436 877 2471 et
895 2433 1073 2484 sacrilega.
1089 2446 1203 2471 manu

460 2485 656 2533 Produxit,
674 2486 792 2533 arbos,
810 2485 850 2523 in
867 2488 1047 2536 nepotum

510 2538 719 2577 Perniciem
736 2538 1046 2590 opprobriumque
1064 2538 1173 2589 pagi;
