1670 2736
242 111 320 149 236
602 103 605 105 ’
682 122 859 150 1101111111
878 124 1061 153 summ.

296 216 409 254 Hanc
428 230 498 268 ego
517 229 604 254 cum
620 217 742 264 malis,
760 231 830 269 ego
847 219 988 258 faecem
1004 221 1146 271 primus
1165 223 1204 260 et
1222 221 1327 271 allec,

296 269 446 307 Primus
464 272 504 308 et
522 269 691 308 invenior
707 270 813 321 piper
830 272 958 310 album
977 287 1063 311 cum
1081 274 1155 312 sale
1172 275 1280 326 nigro

296 321 492 360 Incretum
509 323 611 373 puris
630 323 936 374 circumposuisse
954 326 1101 364 catillis.

295 374 467 414 Immane
485 378 543 413 est
560 375 698 413 vitium
716 376 803 415 dare
820 378 938 416 millia
954 381 1063 417 terna
1079 380 1232 418 macello

294 428 544 478 Angustoque
561 442 676 479 vagos
694 429 813 479 pisces
830 443 964 481 urgere
982 432 1118 470 catino.

347 481 492 532 Magna
508 484 637 519 movet
656 483 850 521 stomacho
867 484 1028 531 fastidia,
1047 498 1112 523 seu
1129 499 1221 535 puer
1237 486 1363 525 unctis

294 534 488 571 Tractavit
507 534 659 572 calicem
676 535 860 583 manibus,
880 537 971 574 dum
987 538 1090 575 filrta
1106 538 1260 589 ligurit3

295 586 380 624 Sive
398 587 522 637 gravis
539 587 659 625 veteri
676 590 840 626 craterae
857 589 969 627 limus
988 591 1167 629 adhaesit.

293 639 441 677 Vilibus
458 640 499 677 in
517 640 647 690 scopiS,
665 640 706 677 in
723 642 880 692 mappis,
897 642 938 680 in
956 644 1064 681 scobe
1083 646 1246 694 quantus

295 691 479 730 Consistit
498 692 701 743 sumptus?
729 694 936 745 Neglectis,
954 695 1142 747 flagitium
1158 697 1303 748 ingens.

295 745 387 783 Ten’
406 745 545 795 lapides
563 746 684 784 varios
702 746 892 785 lutulenta
908 749 1036 787 radere
1053 750 1177 800 palma

294 798 349 836 Et
368 798 501 849 Tyrias
519 799 606 836 dare
624 799 764 837 circum
780 800 891 838 illuta
907 801 1042 840 toralia
1058 805 1192 849 vestes,

294 851 478 897 Oblitum,
497 854 638 902 quanto
657 865 785 890 curam
803 856 1069 905 sumptumque
1086 855 1269 893 minorem

294 904 401 942 Haec
418 905 593 950 habeant,
611 907 721 943 tanto
738 906 958 956 reprehendi
970 907 1110 958 justius
1129 908 1215 955 iJJis,

294 957 397 1003 Quae
416 957 489 995 nisi
507 957 686 995 divitibus
705 961 892 1008 nequeant
910 960 1128 1011 contingere
1145 960 1315 999 mensis?

293 1009 417 1047 Docte
436 1009 533 1057 Cati,
551 1023 617 1060 per
635 1011 840 1049 amicitiam
858 1012 1035 1063 divosque
1051 1016 1218 1064 rogatus,

293 1062 440 1101 Ducere
458 1076 518 1101 me
536 1063 718 1110 auditum,
736 1078 867 1116 perges
886 1079 1117 1117 quocunque,
1134 1068 1335 1104 memento.

293 1115 396 1153 Nam
415 1116 583 1166 quamvis
601 1117 759 1155 memori
775 1118 910 1156 referas
928 1119 1024 1156 1111111
1040 1121 1190 1169 pectore
1209 1122 1356 1166 cuncta,

293 1168 384 1206 Non
401 1170 529 1207 tamen
547 1169 729 1220 interpres
746 1171 973 1209 tantundem
985 1172 1138 1223 juveris.
1191 1172 1300 1210 Adde

293 1221 455 1259 Vultum
473 1222 717 1272 habitumque
735 1223 909 1270 hominis,
929 1238 1040 1274 quem
1056 1227 1103 1262 tu
1118 1225 1255 1263 vidisse
1272 1226 1404 1264 beatus

293 1274 385 1311 Non
402 1274 530 1324 magni
547 1275 689 1324 pendis,
708 1276 795 1326 quia
812 1277 996 1327 contigit3
1023 1279 1064 1315 at
1081 1277 1176 1315 mihi
1193 1291 1282 1316 cura

292 1326 384 1364 Non
401 1327 595 1365 mediocris
613 1327 723 1374 inest,
741 1328 864 1366 fontes
882 1332 927 1367 ut
945 1330 1046 1368 adire
1063 1332 1227 1368 remotos

291 1380 420 1430 Atque
438 1380 585 1418 haurire
604 1394 737 1430 queam
754 1381 855 1419 vitae
872 1385 1069 1433 praecepta
1085 1383 1227 1421 beatae.

755 1923 908 1960 SATIRA
926 1922 973 1959 V.

291 2008 379 2046 Hoc
398 2021 554 2058 quoque,
574 2008 726 2055 Tiresia,
745 2010 892 2059 praeter
909 2009 1059 2045 narrata
1075 2005 1222 2057 petenti

290 2061 500 2111 Responde,
519 2061 652 2111 quibus
670 2061 823 2099 amissas
840 2073 1008 2111 reparare
1026 2072 1158 2110 queam
1175 2072 1233 2096 res

291 2114 448 2152 Artibus
467 2116 578 2163 atque
596 2114 728 2152 modis.
782 2114 882 2160 Quid
898 2112 1026 2151 rides?
1054 2112 1082 2149 J
1084 2124 1192 2149 anme
1210 2111 1338 2149 doloso

290 2167 381 2204 Non
399 2166 489 2204 satis
508 2169 565 2204 est
585 2166 759 2204 Ithacam
775 2166 903 2204 revehi
919 2165 1132 2216 patriosque
1149 2166 1303 2214 penates

290 2219 521 2269 Adspicere?
577 2219 609 2256 O
627 2220 722 2256 nulli
740 2219 943 2269 quidquam
959 2217 1131 2263 mentite,
1149 2217 1263 2263 vides,
1282 2219 1327 2254 ut
1346 2268 1354 2276 ·

291 2272 428 2309 Nudus
445 2272 625 2322 inopsque
643 2272 797 2309 domum
814 2272 973 2317 redeam,
991 2272 1032 2308 te
1049 2271 1147 2316 vate,
1165 2282 1284 2318 neque
1301 2268 1378 2306 ilhc

290 2325 372 2362 Aut
391 2325 571 2375 apotheca
588 2325 708 2374 procis
725 2325 870 2362 intacta
888 2325 945 2362 est
964 2325 1030 2361 aut
1047 2335 1181 2373 pecus;
1208 2322 1313 2371 atqui

290 2377 346 2414 Et
364 2391 481 2427 genus
499 2379 539 2415 et
556 2377 676 2415 virtus
694 2377 767 2415 nisi
785 2391 871 2415 011111
888 2390 928 2414 re
947 2376 1054 2413 vilior
1071 2375 1156 2426 alga
1172 2376 1241 2412 est.

291 2430 448 2476 Quando
465 2430 688 2481 pauperiem,
706 2430 829 2467 missis
848 2429 1077 2479 ambagibus,
1095 2428 1235 2473 horres,

290 2483 439 2533 Accipe,
458 2496 532 2532 qua
547 2483 692 2520 ratione
710 2496 821 2532 queas
839 2482 1030 2520 ditescere.
1084 2480 1232 2517 Turdus

290 2535 376 2573 Sive
394 2535 497 2573 aliud
512 2535 662 2585 privum
679 2535 829 2573 dabitur
846 2535 929 2581 tibi,
948 2533 1095 2572 devolet
1112 2533 1212 2579 111110,

290 2588 366 2626 Res
384 2588 449 2626 ubi
466 2601 604 2638 magna
621 2588 719 2626 nitet
738 2587 888 2626 domino
907 2600 1015 2634 sene3
1042 2585 1163 2624 dulcia
1179 2597 1290 2635 poma
