1670 2736
698 112 826 145 om.
846 113 895 141 11.
1358 103 1436 142 159

373 210 482 264 Ergo
500 211 568 249 aut
585 209 718 248 adulta
733 209 874 247 vitium
890 209 1097 262 propagine

424 264 538 303 Altus
555 262 712 302 maritat
729 263 901 314 populos,

377 320 462 358 Aut
478 317 521 356 in
536 316 695 356 reducta
710 315 810 355 valle
827 316 1085 368 mugientium

428 369 654 422 Prospectat
671 371 839 408 errantes
857 383 1004 421 greges,

375 423 614 475 [numasque
630 422 725 462 falce
742 436 866 462 ramos
884 425 1086 475 amputans

430 477 632 517 Feliciores
649 476 795 524 inserit,

375 532 460 570 Aut
477 543 606 582 pressa
620 530 726 581 puris
743 529 858 569 mella
875 530 1007 569 condit
1025 529 1228 581 amphoris,

432 585 515 623 Aut
532 584 670 623 tondet
687 583 857 622 infirmas
875 597 986 631 oves3

376 638 450 677 Vel
467 651 555 676 eum
572 637 751 675 decorum
768 637 926 675 mitibus
944 637 1067 688 pomis
1085 639 1200 687 caput

431 691 676 730 Auetumnus
695 690 796 741 agris
814 690 966 738 extulit,

380 745 439 783 Ut
456 744 599 796 gaudet
616 743 772 782 insitiva
789 744 990 795 decerpens
1008 757 1113 795 pyra,

433 797 656 837 Oertantem
674 799 714 835 et
731 811 847 835 uvam
863 811 1062 849 purpurae,

380 852 466 899 Qua
481 852 703 889 muneretur
719 852 772 898 te,
791 850 940 902 Priape,
959 854 999 889 et
1016 854 1069 898 te,
1087 852 1195 902 pater

434 904 597 951 Silvane,
615 906 724 942 tutor
742 904 899 942 finium!

382 957 498 997 Libet
509 957 635 1009 jacere
651 957 765 995 modo
784 958 854 996 sub
873 957 1031 1009 antiqua
1048 957 1144 1005 ilice,

435 1011 556 1050 Modo
572 1011 615 1048 in
632 1011 758 1049 tenaci
776 1011 960 1062 gramine.

381 1064 585 1104 Labuntur
602 1064 691 1102 altis
708 1064 864 1102 interim
881 1064 972 1115 ripis
992 1078 1121 1115 aquae,

437 1118 659 1166 Queruntur
675 1117 718 1155 in
735 1117 840 1156 silvis
859 1131 957 1165 aves,

383 1171 603 1223 Fontesque
620 1168 789 1223 lymphis
808 1170 1036 1222 obstrepunt
1053 1170 1308 1216 manantibus,

435 1225 596 1264 Somnos
614 1224 716 1276 quod
731 1224 872 1263 invitet
890 1225 1003 1264 leves.

388 1278 446 1317 At
463 1290 551 1318 011111
567 1277 740 1317 tonantis
759 1291 881 1316 annus
898 1278 1080 1317 hibernus
1099 1278 1127 1315 J
1129 1277 1209 1315 ovis

439 1331 587 1370 Imbres
604 1331 784 1382 nivesque
803 1334 1009 1383 comparat,

382 1386 467 1424 Aut
483 1385 608 1423 trudit
626 1398 728 1423 aeres
746 1385 837 1423 111110
855 1387 895 1423 et
913 1385 1003 1424 hinc
1021 1384 1146 1423 multa
1164 1397 1256 1422 cane

438 1439 563 1490 Apros
579 1439 622 1476 in
640 1439 837 1477 obstantes
854 1439 998 1490 plagas,

371 1493 470 1532 „Aut
487 1492 604 1530 amite
620 1492 696 1530 levi
712 1505 798 1530 rara
814 1492 942 1530 tendit
959 1492 1067 1539 retia,

438 1545 576 1583 Turdis
594 1545 769 1584 edaeibus
788 1545 906 1592 dolos,

386 1598 647 1650 Pavidumque
659 1599 826 1649 leporem
839 1600 879 1637 et
893 1598 1078 1638 advenam
1089 1598 1223 1648 laqueo
1237 1611 1371 1649 gruem

438 1651 467 1690 J
468 1652 620 1690 ueunda
636 1654 766 1703 captat
784 1651 961 1703 praemia.

387 1705 481 1754 Quis
498 1718 577 1744 non
594 1705 792 1752 malarum,
812 1718 904 1756 quas
923 1718 1029 1744 amor
1047 1718 1154 1744 curas
1171 1704 1299 1751 habet,

439 1758 549 1797 Haec
565 1758 667 1797 inter
685 1758 953 1798 obliviscitur?

387 1812 500 1860 Quod
516 1812 549 1851 si
564 1812 702 1863 pudica
718 1811 855 1850 111111101
871 1812 913 1850 111
929 1814 1079 1863 partem
1090 1812 1202 1863 juvet

439 1865 610 1904 Domum
628 1867 742 1917 atque
761 1865 888 1904 dulces
906 1865 1055 1912 liberos,

389 1919 529 1958 Sabina
546 1917 667 1970 qualis
685 1921 753 1957 aut
770 1921 926 1970 perusta
943 1919 1085 1958 solibus

442 1972 612 2011 Pernicis
628 1986 724 2011 uxor
741 1972 872 2024 Apuli,

388 2026 545 2064 Sacrum
561 2026 725 2065 vetustis
744 2028 915 2065 exstruat
932 2026 1049 2078 lignis
1067 2026 1194 2064 focum
1275 2058 1278 2061 .

440 2079 549 2118 Lassi
567 2080 637 2118 sub
655 2080 862 2119 adventum
879 2080 963 2127 viri,

388 2132 650 2184 claudensque
666 2133 784 2172 textis
803 2133 970 2172 cratibus
988 2133 1134 2172 laetum
1151 2146 1263 2184 pecus

439 2186 622 2225 Distenta
639 2187 755 2225 siccet
772 2187 899 2234 ubera,

387 2239 444 2278 Et
460 2239 583 2279 horna
600 2240 701 2279 dulci
718 2240 807 2279 vina
823 2254 1000 2292 promens
1018 2240 1118 2278 doh‘o

442 2293 569 2344 Dapes
587 2293 776 2345 inemptas
795 2296 972 2345 apparet:

389 2346 483 2384 Non
498 2358 561 2385 me
579 2347 746 2386 Lucrina
757 2347 929 2399 juverint
948 2347 1148 2399 conchylia

441 2399 617 2451 Magisve
634 2401 817 2439 rhombus
835 2404 903 2440 aut
922 2401 1028 2448 scari,

390 2452 431 2490 Si
448 2466 542 2504 quos
561 2452 656 2492 Eois
669 2454 846 2493 intonata
863 2455 1043 2493 fluctibus

442 2506 581 2545 Hiems
600 2507 648 2546 ad
665 2507 739 2547 11οο
756 2510 885 2547 vertat
903 2520 1029 2555 11101·ος

390 2559 483 2598 Non
501 2560 596 2599 Afra
614 2561 693 2600 avis
712 2561 914 2600 descendat
932 2562 973 2600 in
992 2563 1164 2601 ventrem
1182 2573 1321 2608 meum,

443 2613 536 2652 Non
554 2616 712 2666 attagen
730 2615 884 2654 Ionicus
