1670 2736
272 122 322 159 27
325 122 348 158 2
687 132 863 160 HonA'rn
881 133 1114 161 Ertsmonffl.

481 1286 689 1324 EPISTOLA
709 1287 938 1325 XIV-An
957 1288 1172 1326 VILLICUM
1191 1289 1324 1327 SUUM.

326 1373 458 1411 Villice
477 1374 654 1411 silvarum
672 1376 711 1412 et
730 1375 824 1412 mihi
842 1388 902 1413 me
920 1376 1110 1414 reddentis
1128 1377 1251 1427 agelli,

327 1427 447 1473 Quem
465 1429 511 1464 tu
527 1427 674 1464 fastidis
692 1427 906 1465 habitatum
925 1429 1089 1479 quinque
1105 1429 1197 1467 focis
1215 1433 1255 1468 613

328 1479 500 1529 Quinque
517 1480 635 1517 bonos
654 1480 809 1518 solitum
826 1481 980 1519 Variam
998 1481 1189 1520 dimittere
1206 1485 1343 1533 patres,

328 1532 535 1579 Certemus,
555 1533 679 1582 spinas
697 1533 870 1572 animone
888 1547 958 1584 ego
975 1534 1121 1582 fortius,
1140 1548 1189 1573 an
1205 1539 1252 1573 tu

327 1585 479 1623 Evellas
498 1599 587 1635 agro
606 1588 645 1623 et
663 1586 793 1624 melior
811 1587 862 1624 sit
881 1587 1066 1625 Horatius
1085 1601 1133 1626 an
1150 1602 1220 1626 res,

327 1638 395 1675 Me
413 1639 583 1688 quamvis
601 1638 754 1677 Lamiae
771 1639 891 1689 pietas
910 1642 948 1678 et
967 1654 1055 1678 cura
1072 1644 1242 1679 moratur

328 1690 503 1728 Fratrem
520 1692 732 1739 maerentis,
750 1694 859 1742 rapto
878 1693 923 1731 de
940 1694 1056 1731 fratre
1074 1694 1234 1732 dolentis

328 1744 593 1791 Insolabiliter,
611 1747 740 1782 tamen
757 1745 856 1783 istuc
873 1760 979 1784 mens
998 1747 1217 1798 animusque

329 1797 422 1834 Fert
440 1799 479 1834 et
497 1800 599 1835 amat
618 1798 748 1848 spatiis
767 1798 957 1837 obstantia
974 1813 1146 1850 rumpere
1164 1800 1336 1838 claustra.

328 1849 432 1887 Rure
451 1863 520 1900 ego
538 1850 740 1898 viventem,
758 1853 801 1888 tu
822 1852 913 1889 dicis
930 1852 970 1889 in
988 1853 1080 1890 urbe
1097 1853 1272 1899 beatum3

329 1901 401 1939 Cui
418 1902 539 1952 placet
558 1903 721 1950 alteriuS,
741 1917 807 1941 sua
824 1904 1003 1942 nimirum
1020 1907 1078 1943 est
1096 1905 1181 1943 odio
1200 1919 1290 1944 sors.

329 1955 478 1992 Stultus
495 1958 652 2006 uterque
669 1956 794 1994 locum
810 1957 1043 1995 immeritum
1061 1960 1235 1996 causatur
1250 1959 1398 2009 inique3

329 2008 379 2045 In
397 2008 505 2058 culpa
522 2010 580 2046 est
598 2009 756 2056 animus,
775 2010 839 2060 qui
857 2024 895 2048 se
912 2023 989 2048 non
1007 2011 1141 2061 effugit
1158 2025 1334 2062 unquam.

329 2060 390 2097 Tu
407 2060 650 2098 mediastinus
668 2062 787 2100 tacita
803 2076 910 2112 prece
927 2076 1014 2101 rura
1030 2063 1194 2113 petebas,

328 2113 443 2151 Nunc
461 2114 592 2151 urbem
610 2116 648 2151 et
666 2114 774 2152 ludos
792 2117 831 2153 et
848 2115 980 2153 balnea
996 2115 1143 2154 villicus
1161 2119 1289 2167 optas3

327 2165 397 2203 Me
414 2168 584 2204 constare
601 2167 696 2204 mihi
713 2167 784 2205 scis
802 2170 842 2206 et
859 2168 1044 2206 discedere
1060 2169 1222 2216 tristem,

329 2219 632 2269 Quandocunque
649 2220 808 2258 trahunt
825 2220 946 2259 invisa
962 2222 1115 2272 negotia
1132 2222 1305 2260 Romam.

328 2271 419 2308 Non
438 2272 566 2309 eadem
584 2272 784 2319 miramur3
812 2286 855 2311 eo
873 2274 1105 2312 disconvenit
1123 2274 1222 2313 inter

328 2324 468 2374 Meque
486 2327 525 2362 et
542 2327 604 2363 te:
631 2338 730 2372 nam,
749 2339 843 2376 quae
860 2326 1006 2365 deserta
1023 2329 1062 2365 et
1079 2327 1269 2378 inhospita
1285 2330 1417 2378 tesqua

329 2376 470 2423 Credis,
489 2390 644 2415 amoena
660 2381 782 2425 vocat,
800 2392 947 2417 mecum
966 2380 1031 2430 qui
1049 2380 1176 2427 sentit,
1195 2384 1234 2418 613
1252 2380 1344 2427 odit,

330 2429 432 2475 Quae
449 2432 496 2467 tu
513 2430 669 2480 pulchra
685 2434 808 2481 putas,
862 2432 1004 2470 Fornix
1020 2433 1092 2470 tibi
1105 2435 1144 2470 et
1161 2436 1278 2471 uncta
1293 2433 1429 2484 popina

330 2482 530 2520 Incutiunt
548 2483 650 2521 urbis
669 2484 902 2531 desiderium,
921 2485 1040 2532 video,
1059 2488 1098 2523 et
1116 2486 1215 2536 quod

328 2535 502 2585 Angulus
520 2535 592 2573 iste
610 2536 705 2574 feret
721 2537 827 2587 piper
843 2539 882 2575 et
899 2538 991 2575 thus
1009 2538 1111 2575 ocius
1128 2552 1212 2584 uva,

330 2587 413 2625 Nec
430 2588 554 2626 vicina
570 2589 699 2627 subest
715 2589 846 2627 vinum
863 2591 1036 2640 praebere
1053 2591 1208 2628 taberna
