1670 2736
249 122 326 159 174

714 130 892 158 HORA'HI
909 130 1046 159 EPODI.

354 225 413 263 Sic
427 224 549 275 placet
563 224 580 263 ἓ
599 238 648 263 an
660 225 793 263 melius
807 225 890 276 quis
903 225 1018 264 habet
1033 226 1217 266 suadere?
1271 227 1443 268 Secunda

406 277 545 316 Ratem
563 291 742 328 occupare
760 278 850 328 quid
866 291 1056 316 moramur
1074 279 1193 317 alite?

355 331 428 368 Sed
440 331 609 381 juremus
626 331 668 368 in
685 331 797 368 haee:
817 331 930 368 simul
946 331 1031 369 imis
1050 345 1138 370 saxa
1154 332 1322 371 renarint

406 383 522 420 Vadis
540 383 674 430 levata,
692 397 740 421 ne
757 383 876 421 redire
895 384 945 422 sit
963 385 1088 431 nefas;

355 436 444 474 Neu
461 449 637 474 conversa
650 436 805 474 domum
821 436 950 487 pigeat
967 437 1054 475 dare
1071 437 1198 484 lintea,
1217 438 1365 489 quando

408 489 533 526 Padus
552 489 703 526 Matina
718 489 852 527 laverit
870 490 1072 537 cacumina,

332 583 337 587 ,
357 541 405 579 In
422 555 524 579 mare
542 555 607 579 seu
624 541 742 579 celsus
759 542 985 592 procurrerit
1002 542 1235 593 Apenninus,

407 595 591 644 Novaque
608 596 778 632 monstra
790 595 958 645 junxerit
975 595 1129 634 libidine

356 647 479 684 Mirus
498 661 613 694 amor,
625 647 735 698 juvet
753 649 798 685 ut
815 647 933 698 tigres
952 648 1141 686 subsidere
1158 649 1287 695 cervi&

410 700 658 738 Adulteretur
676 702 714 738 et
733 700 905 738 columba
922 700 1051 747 miluo,

357 752 517 790 Credula
533 766 601 791 nec
618 766 726 791 ravos
743 753 905 791 timeant
923 755 1092 791 armenta
1108 754 1244 801 leones,

407 806 597 856 Ametque
615 806 710 844 salsa
726 806 818 844 levis
834 806 961 844 hircus
980 819 1149 857 aequora.

356 859 476 905 Haec,
494 861 533 896 et
552 872 645 909 quae
662 861 843 909 poterunt
860 859 1003 897 reditus
1022 859 1235 897 abscindere
1253 859 1390 907 dulces,

408 912 552 949 Eamus
570 912 691 949 omnis
705 914 894 950 exsecrata
910 912 1054 959 civitas,

355 965 437 1002 Aut
454 977 540 1015 pars
557 964 710 1003 indocili
725 965 856 1002 melior
873 978 987 1015 grege
1001 981 1009 1012 ;
1026 964 1149 1003 mollis
1168 966 1207 1003 et
1225 978 1354 1015 exspes

409 1017 627 1055 Inominata
642 1017 847 1068 perprimat
865 1018 1020 1055 cubilia!

357 1071 447 1117 Vos,
467 1070 602 1121 quibus
620 1072 678 1108 est
696 1071 829 1117 virtus,
847 1071 1067 1108 muliebrem
1083 1070 1207 1109 tollite
1224 1071 1371 1108 luctum

408 1124 572 1161 Etrusca
588 1125 736 1173 praeter
753 1126 792 1161 et
809 1123 933 1161 volate
950 1123 1072 1161 litora.

360 1176 443 1214 Nos
461 1178 590 1214 manet
609 1176 778 1214 Oceanus
797 1177 1077 1227 circumvagus:
1097 1189 1195 1222 arva,
1213 1176 1324 1214 beata

410 1229 591 1267 Petamus
610 1242 698 1267 arva
716 1229 851 1267 divites
870 1231 909 1267 et
926 1229 1078 1276 insulas,

356 1282 499 1320 Reddit
516 1282 583 1319 ubi
601 1281 773 1320 Cererem
789 1282 901 1320 tellus
918 1282 1064 1319 inarata
1081 1282 1281 1332 quotannis

410 1335 465 1372 Et
482 1335 671 1384 imputata
687 1335 796 1372 floret
814 1348 932 1385 usque
948 1335 1068 1381 vinea,
1150 1332 1153 1335 ’

358 1388 556 1426 Germinat
574 1390 613 1425 et
631 1401 824 1438 nunquam
840 1387 1003 1425 fallentis
1021 1389 1159 1425 termes
1177 1387 1306 1435 olivae,

409 1440 596 1490 Suamque
614 1440 717 1490 pulla
734 1441 826 1478 fieus
845 1442 954 1477 ornat
973 1440 1154 1486 arborem,

358 1493 476 1531 Mella
494 1507 584 1531 cava
600 1495 757 1530 manant
775 1506 820 1530 ex
836 1493 931 1539 ilice,
949 1492 1141 1530 montibus
1160 1492 1246 1530 altis

409 1546 521 1584 Levis
540 1548 714 1595 crepante
731 1546 888 1596 lympha
905 1545 1029 1583 desilit
1046 1545 1150 1595 pede.

359 1599 443 1636 Illic
460 1599 621 1650 injussae
638 1598 796 1636 veniunt
815 1599 863 1636 ad
878 1598 1042 1636 mulctra
1058 1597 1228 1648 capellae,

410 1652 615 1702 Refertque
632 1654 741 1689 tenta
758 1664 850 1702 grex
867 1651 1008 1689 amicus
1025 1651 1160 1696 ubera3

358 1705 440 1742 Nec
458 1705 692 1754 vespertinus
711 1704 971 1754 circumgemit
988 1717 1098 1741 ursus
1116 1703 1223 1750 ovile,

411 1758 545 1807 Neque
562 1757 781 1795 intumescit
799 1757 876 1794 alta
892 1757 1028 1807 viperis
1045 1757 1195 1794 humus.

360 1810 547 1860 Pluraque
564 1810 687 1848 felices
706 1810 945 1847 mirabimur:
965 1812 1010 1846 ut
1028 1822 1148 1859 neque
1164 1807 1278 1859 largis

412 1864 588 1913 Aquosus
607 1863 733 1900 Eurus
752 1876 840 1900 arva
857 1862 964 1900 radat
982 1862 1176 1908 imbribus,

362 1916 526 1966 Pinguia
542 1929 610 1953 nec
629 1916 735 1953 siccis
753 1917 912 1953 urantur
930 1915 1072 1952 semina
1088 1914 1219 1964 glebis,

413 1969 627 2019 Utrumque
644 1981 731 2018 rege
747 1970 981 2018 temperante
999 1967 1186 2005 caelitum.

360 2022 452 2059 Non
470 2021 544 2059 huc
562 2022 690 2072 Argoo
709 2021 904 2058 contendit
921 2020 1063 2070 remige
1079 2020 1202 2070 pinus,

413 2074 547 2124 Neque
564 2074 753 2124 impudica
771 2073 919 2111 Colchis
937 2073 1068 2110 intulit
1085 2073 1240 2123 pedem;

362 2127 454 2164 Non
470 2126 545 2164 huc
564 2127 707 2164 Sidonii
723 2128 916 2164 torserunt
934 2139 1073 2163 cornua
1088 2127 1226 2163 nautae

415 2179 617 2217 Laboriosa
633 2192 701 2216 nec
719 2179 851 2217 cohors
869 2178 1006 2216 Ulixei.

363 2232 481 2269 Nulla
497 2234 634 2270 nocent
651 2232 775 2281 pecori
793 2231 977 2282 contagia,
995 2231 1134 2269 nullius
1152 2230 1244 2268 astri

417 2285 581 2335 Gregem
598 2287 770 2322 aestuosa
785 2287 906 2322 torret
923 2284 1158 2334 impotentia.

365 2338 519 2386 Jupiter
536 2338 600 2375 illa
616 2338 698 2388 piae
717 2337 873 2375 secrevit
891 2337 1003 2374 litora
1020 2336 1137 2387 genti,

417 2390 475 2428 Ut
491 2390 703 2440 inquinavit
721 2403 802 2428 aere
819 2392 969 2440 tempus
988 2403 1162 2435 aureum3

365 2443 474 2489 Aere,
493 2443 627 2481 dehinc
645 2443 741 2480 ferro
760 2443 909 2480 duravit
928 2442 1060 2488 secula,
1079 2454 1238 2492 quorum

417 2496 496 2533 Piis
515 2496 676 2534 secunda
692 2498 779 2534 vate
796 2509 856 2534 me
874 2495 986 2533 datur
1002 2495 1103 2545 fuga.
