1670 2736
293 114 371 151 262
596 122 599 124 ’
714 125 892 153 1101111111
908 126 1143 156 matrona.

351 219 482 258 Tertia
499 219 701 258 succedant
719 222 759 259 et
777 234 872 271 quae
888 234 975 272 pars
993 222 1154 273 quadrat
1171 236 1357 263 acervum.

353 272 504 311 Scilicet
521 285 677 311 uxorem
695 286 782 311 cum
800 274 889 312 dote
906 275 1094 326 fidemque
1111 277 1153 313 et
1169 276 1308 316 amicos

351 326 408 364 Et
425 339 545 377 genus
563 328 603 364 017
615 325 763 364 forman
778 327 910 378 regina
927 327 1093 366 Pecunia
1110 328 1238 376 donat,

351 379 410 416 Ac
427 379 522 417 bene
539 381 781 417 nummatum
798 379 950 418 decorat
968 380 1127 419 Suadela
1143 381 1358 433 Venusque.

353 431 556 482 Mancipiis
573 432 737 482 locuples
755 434 843 483 eget
861 433 954 471 aeris
974 433 1239 484 Cappadocum
1255 448 1342 474 rex:

351 485 415 522 Ne
432 484 546 522 fueris
563 484 626 522 hio
643 486 700 522 tu.
755 484 984 536 Ohlamydes
1003 486 1196 535 Lucullus,
1213 490 1260 526 ut
1277 488 1398 536 aiunt,
1446 497 1450 502 '

354 538 394 574 Si
411 539 539 588 posset
557 539 712 575 centum
727 551 861 576 scenae
879 539 1054 589 praebere
1071 542 1239 591 rogatus,

355 591 429 637 Qui
446 604 600 640 possum
616 589 711 629 tot?
730 590 807 638 ait3
825 593 955 630 tamen
973 594 1013 630 et
1031 606 1208 643 quaeram
1225 594 1265 632 et
1283 595 1376 645 quot
1393 594 1538 633 habebo
1562 637 1564 640 ¹

353 643 536 681 Mittam:
555 645 644 694 post
661 643 773 694 paulo
792 644 923 682 scribit
942 645 1014 683 sibi
1030 645 1135 683 milia
1153 645 1318 697 quinque

354 697 450 734 Esse
468 697 572 734 domi
589 696 854 747 chlamydum:
882 700 1030 748 partem
1046 698 1107 736 vel
1123 699 1275 737 tolleret
1293 713 1434 738 omnes.

353 749 475 787 Exilis
494 749 627 787 domus
646 751 716 796 est,
734 749 801 787 ubi
817 763 895 788 non
912 752 952 788 et
970 751 1093 789 multa
1110 754 1311 802 supersunt

354 803 409 840 Et
428 802 623 840 dominum
640 802 777 840 fallunt
795 804 834 840 et
851 806 1011 854 prosunt
1029 804 1185 843 furibus.
1239 805 1357 856 Ergo,

356 855 396 892 Si
413 869 471 893 res
490 856 569 893 sola
585 857 713 906 potest
726 855 846 893 facere
864 858 904 894 et
922 869 1069 895 servare
1085 857 1252 905 beatum,

354 908 443 946 Hoc
460 908 604 958 primus
622 910 769 959 repetas
788 922 892 959 opus,
910 909 982 947 hoc
1000 912 1213 960 postremus
1232 910 1399 949 omittas.

407 961 447 999 Si
465 962 703 999 fortunatum
721 962 860 1012 species
879 963 918 1000 et
936 962 1060 1013 gratia
1076 965 1256 1013 praestat,

356 1014 573 1052 Mercemur
591 1027 752 1061 servum,
772 1014 837 1065 qui
854 1014 974 1053 dictet
991 1017 1156 1063 nomina,
1173 1016 1323 1054 laevum

357 1068 431 1114 Qui
448 1067 588 1105 fodicet
605 1067 706 1105 latus
725 1069 765 1105 017
783 1069 896 1118 cogat
913 1070 1018 1106 trans
1035 1069 1200 1119 pondera
1217 1069 1390 1108 dextram

276 1159 278 1162 ,
356 1120 564 1170 Pon-igere.
619 1120 698 1157 Hic
716 1120 883 1158 multum
899 1120 941 1158 in
959 1121 1078 1159 Fabia
1094 1122 1207 1169 valet,
1224 1122 1287 1160 ille
1303 1122 1459 1169 Velina;

357 1173 429 1210 Oui
446 1173 532 1211 libit
549 1173 612 1211 hic
629 1172 746 1211 fasces
765 1173 871 1211 dabit
889 1173 1094 1224 eripietque
1112 1174 1238 1212 curule

357 1226 428 1264 Cui
445 1226 548 1264 volet
564 1226 803 1276 importunus
821 1227 923 1264 ebur.
978 1226 1125 1274 Frater,
1143 1227 1270 1275 Pater,
1289 1228 1406 1276 adde;

357 1280 415 1316 Ut
432 1279 566 1329 cuique
584 1281 642 1316 est
661 1280 775 1325 aetas,
792 1279 850 1316 ita
867 1292 1051 1330 quemque
1067 1280 1211 1318 facetus
1225 1280 1375 1331 adopta.

409 1332 460 1379 Si,
478 1333 573 1370 bene
591 1331 656 1382 qui
673 1333 818 1378 coenat,
835 1332 930 1370 bene
947 1332 1055 1379 vivit,
1073 1332 1187 1380 lucet,
1205 1346 1332 1371 eamus

359 1386 442 1432 Quo
460 1385 565 1423 ducit
583 1384 694 1435 gula;
720 1384 918 1434 piscemur,
936 1398 1127 1432 venemur,
1144 1387 1190 1423 ut
1208 1386 1299 1423 olim

357 1438 559 1488 Gargilius,
578 1437 643 1488 qui
660 1450 770 1475 mane
787 1437 929 1488 plagas,
946 1438 1142 1485 venabula,
1161 1451 1287 1477 servos

357 1492 565 1529 Differtum
581 1489 742 1528 transire
759 1489 884 1528 forum
900 1490 1155 1541 populumque
1167 1491 1339 1542 jubebat,

358 1544 468 1581 Unus
486 1546 531 1581 ut
550 1557 570 1581 e
588 1542 720 1580 multis
737 1543 876 1593 populo
894 1545 1089 1593 spectante
1106 1543 1260 1582 referret

357 1598 546 1647 Emptum
562 1596 688 1633 mulus
707 1608 851 1646 aprum.
906 1595 1023 1633 Grudi
1039 1596 1253 1647 tumidique
1269 1597 1450 1645 lavemur,

359 1650 459 1697 Quid
477 1650 618 1696 deceat,
637 1648 729 1699 quid
745 1661 834 1695 non,
853 1649 973 1695 obliti,
993 1648 1142 1687 Caerite
1160 1663 1244 1688 cera

358 1703 489 1753 Digni,
507 1701 709 1752 remigium
725 1701 907 1739 vitiosum
925 1701 1138 1740 Ithacensis
1157 1702 1295 1750 Uh'xei,

357 1756 428 1793 Oui
446 1755 572 1806 potior
588 1754 713 1805 patria
730 1754 805 1792 fuit
822 1754 1027 1792 interdicta
1043 1755 1231 1805 voluptas.

411 1809 462 1856 Si,
481 1808 734 1846 Mimnermus
753 1807 813 1845 uti
831 1809 970 1854 censet,
990 1807 1069 1845 sine
1087 1821 1213 1846 amore
1225 1808 1405 1860 jocisque.

358 1863 427 1900 Nil
446 1864 504 1900 est
515 1860 739 1912 jucundum,
757 1859 862 1898 vivas
879 1860 920 1897 in
939 1873 1064 1898 amore
1076 1860 1257 1911 jocisque.

411 1915 518 1961 Vive,
536 1914 629 1951 vale.
684 1912 724 1949 Si
742 1912 834 1963 quid
850 1913 991 1950 novisti
1007 1913 1146 1951 rectius
1163 1914 1259 1961 istis,

361 1968 550 2006 Candidus
568 1965 721 2016 imperti
736 1981 746 2013 ;
773 1965 805 2003 si
823 1979 911 2012 non,
930 1965 989 2003 his
1007 1968 1114 2004 utere
1132 1979 1292 2005 mecum.
