1670 2736
584 118 668 146 1113.
688 118 737 146 11.
755 117 885 146 EPIS'r.
904 118 934 145 1.

436 1670 646 1710 Emsrom
664 1669 818 1709 I.—An
836 1670 1086 1711 AuousmuM.

183 1763 282 1802 Cum
297 1765 361 1802 tot
379 1763 563 1803 sustineas
581 1766 621 1803 et
637 1765 749 1803 tanta
765 1765 920 1816 negotia
937 1765 1049 1814 solus,

183 1817 261 1856 Res
279 1816 400 1856 Italas
417 1817 532 1856 armis
549 1817 698 1865 tuteris,
716 1818 883 1857 moribus
901 1832 1022 1867 ornes,

182 1870 348 1922 Legibus
366 1871 552 1920 emendes,
569 1871 611 1909 in
622 1871 773 1922 publica
790 1873 987 1911 commoda
1003 1886 1164 1924 peccem,

182 1924 224 1962 Si
239 1924 354 1976 longo
372 1937 542 1963 sermone
559 1938 682 1963 morer
699 1927 768 1963 tua
783 1928 966 1977 tempora,
986 1926 1132 1966 Caesar.

182 1977 370 2016 Romulus
387 1979 427 2016 et
445 1978 560 2017 Liber
576 1980 685 2029 pater
702 1981 742 2017 et
760 1992 847 2017 cum
866 1979 1023 2019 Castore
1041 1980 1190 2029 Pollux,

182 2030 278 2070 Post
295 2031 467 2083 ingentia
482 2030 584 2070 faeta
602 2031 757 2070 deorum
774 2032 815 2070 in
832 2033 978 2084 templa
994 2035 1147 2086 recepti,

182 2084 290 2123 Dum
306 2086 426 2124 terras
443 2085 715 2136 hominumque
733 2086 864 2125 colunt
882 2100 1013 2138 genus,
1032 2102 1161 2139 aspera
1178 2088 1275 2127 bella

183 2137 438 2189 Componunt,
457 2151 566 2190 agros
585 2139 790 2191 assignant,
809 2140 946 2191 oppida
963 2142 1143 2190 condunt,

183 2190 382 2230 Ploravere
400 2191 477 2230 suis
495 2205 572 2230 non
589 2193 811 2243 respondere
829 2194 996 2233 favorem

183 2244 384 2295 Speratum
396 2245 553 2284 meritis.
608 2246 743 2284 Diram
760 2246 825 2297 qui
843 2247 1019 2287 contudit
1036 2248 1198 2300 hydram

183 2297 363 2348 Notaque
379 2298 486 2337 fatali
502 2301 680 2349 portenta
695 2299 822 2339 labore
839 2301 1002 2352 subegit,

184 2350 379 2402 Comperit
394 2351 575 2390 invidiam
592 2366 766 2404 supremo
784 2354 859 2392 fine
876 2354 1031 2393 domari.

183 2403 275 2442 Urit
292 2405 394 2443 enim
410 2405 556 2456 fulgore
574 2419 653 2453 suo,
672 2406 737 2456 qui
753 2411 975 2459 praegravat
993 2410 1092 2447 artes

182 2457 291 2496 Infra
307 2471 347 2496 se
364 2458 528 2509 positas3
555 2460 764 2499 exstinctus
783 2461 971 2500 amabitur
987 2462 1098 2500 idem.

182 2510 381 2550 Praesenti
397 2511 470 2550 tibi
487 2514 655 2552 maturos
672 2512 855 2564 largimur
870 2514 1031 2553 honores

180 2563 208 2601 J
210 2565 443 2616 urandasque
459 2567 572 2604 tuum
587 2579 654 2617 per
670 2580 808 2605 nomen
825 2568 999 2619 ponimus
1017 2581 1109 2616 aras,

180 2617 250 2656 Nil
267 2618 455 2658 oriturum
472 2619 573 2667 alias,
592 2620 648 2658 nil
665 2622 793 2659 ortum
810 2621 887 2660 tale
904 2621 1078 2661 fatentes.

753 2685 782 2712 U

1318 109 1396 147 289
