1670 2736
602 110 686 138 m.
706 110 736 138 1.
757 109 885 138 cm.
904 111 989 139 XVI.

375 207 468 246 Non
486 205 739 258 Dindymene,
757 219 836 245 non
854 206 980 258 adytis
998 207 1124 258 quatit

374 260 551 299 Mentem
568 260 806 298 sacerdotum
823 259 946 299 incola
964 260 1141 312 Pythius,

426 313 519 352 Non
537 313 651 352 Liber
669 326 796 364 aeque,
814 327 892 351 non
909 316 1022 352 acuta
1175 331 1177 333 ·

478 366 540 406 Sic
557 367 754 418 geminant
773 366 1007 418 Corybantes
1026 381 1121 415 aera,

374 453 519 493 Tristes
535 456 582 492 ut
598 454 686 502 irae,
705 468 797 505 quas
814 468 935 505 neque
953 455 1116 493 Noricus

374 507 554 546 Deterret
573 508 671 546 ensis
689 522 758 546 nee
776 522 878 547 mare
896 508 1122 560 naustagum

427 561 511 600 Nec
530 575 661 599 saevus
679 561 778 613 ignis
797 575 865 600 nec
883 562 1080 600 tremendo

480 614 635 666 Jupiter
652 615 731 666 ipse
748 628 860 654 ruens
878 616 1060 654 tumultu.

376 702 517 741 Fertur
535 701 799 750 Prometheus,
819 703 954 741 addere
971 703 1131 754 principi

376 755 488 794 Limo
507 758 659 794 coactus
677 756 903 806 particulam
921 757 1086 808 undique

429 809 644 856 Desectam,
664 812 703 848 et
721 810 844 847 insani
862 810 979 848 leonis

480 862 571 900 Vim
589 863 785 901 stomacho
804 863 1019 914 apposuisse
1038 866 1179 902 nostro.

376 949 462 988 Irae
480 949 677 1001 Thyesten
695 949 810 988 exitio
828 950 935 1001 gravi

377 1003 550 1041 Stravere
568 1005 608 1042 et
626 1003 713 1041 altis
731 1003 887 1042 urbibus
900 1004 1058 1042 ultimae

429 1056 576 1095 Stetere
595 1070 738 1104 causae,
758 1070 824 1095 cur
840 1057 1006 1107 perirent

482 1110 672 1148 Funditus
690 1110 996 1162 imprimeretque
1014 1111 1131 1148 muris

377 1198 531 1237 Hostile
549 1200 719 1237 aratrum
737 1199 921 1237 exercitus
939 1199 1114 1238 insolens.

376 1251 580 1303 Compesce
597 1254 786 1291 mentem:
815 1266 876 1291 me
895 1266 1041 1304 quoque
1059 1253 1220 1304 pectoris

429 1305 611 1343 Tentavit
628 1306 669 1343 in
688 1306 788 1344 dulei
799 1306 961 1357 juventa

482 1359 624 1398 Fervor
642 1362 681 1398 et
698 1359 739 1398 in
758 1360 892 1398 celeres
908 1360 1053 1399 iambos

377 1446 490 1485 Misit
507 1446 718 1494 furentem3
746 1461 846 1486 nunc
866 1461 936 1498 ego
955 1447 1112 1486 mitibus

378 1500 533 1538 Mutare
551 1514 687 1551 quaero
705 1501 844 1548 tristia,
863 1501 955 1539 dum
973 1501 1067 1539 mihi

431 1553 519 1591 Fias
537 1554 741 1592 recantatis
760 1554 880 1593 amica

483 1607 702 1658 Opprobriis
721 1608 962 1658 animumque
980 1608 1123 1646 reddas.

1381 104 1431 141 23
