1670 2736
265 124 341 162 248
698 135 875 163 ΗΟΕΑΤΠ
894 135 1078 164 sA'rmAE.

322 229 498 267 Summus
517 242 586 280 ego
604 231 643 268 et
660 243 775 282 prope
791 243 852 268 me
870 230 1004 268 Viscus
1022 230 1214 269 Thurinus
1232 233 1272 270 et
1288 231 1397 280 infra,

322 282 362 319 Si
378 282 542 329 memini,
561 282 707 329 Varius,
725 296 812 321 cum
829 283 984 321 Servilio
1001 284 1205 322 Balatrone

321 335 503 383 Vibidius,
523 349 613 386 quas
632 335 830 374 Maecenas
848 336 1051 374 adduxerat
1067 337 1230 375 umbras.

321 388 586 426 Nomentanus
604 390 684 426 erat
702 401 811 438 super
828 388 964 439 ipsum,
983 389 1138 427 Porcius
1154 390 1263 438 infra,

322 440 516 479 Ridiculus
534 443 636 479 totas
655 441 769 479 semel
786 441 981 480 obsorbere
997 442 1187 492 placentas
1203 459 1212 490 ;

322 494 586 532 Nomentanus
604 494 651 531 ad
668 494 751 540 hoc,
770 494 845 543 qui,
863 494 895 532 si
914 495 1004 544 quid
1020 495 1117 533 forte
1134 495 1280 543 lateret,

322 546 452 584 Indice
469 549 696 584 monstraret
714 547 835 597 digito
851 563 859 585 ε
886 560 975 585 113111
992 550 1115 586 cetera
1131 549 1254 595 turba,

321 599 416 646 Nos,
434 599 598 649 inquam,
618 609 819 637 coenamus
834 613 930 647 aves,
949 601 1155 652 conchylia,
1173 602 1304 652 pisces,

322 652 454 703 Longe
473 652 691 690 dissimilem
708 654 801 690 noto
819 653 978 691 celantia
991 667 1163 701 succum3

322 705 379 742 Ut
397 705 457 743 vel
474 705 652 743 continuo
670 705 807 755 patuit,
826 719 912 743 cum
928 707 1086 756 passeris
1103 709 1216 756 atque

322 758 526 808 Ingustata
542 758 637 795 mihi
654 760 866 808 porrexerat
883 758 948 796 ilia
965 759 1125 797 rhombi.

322 811 416 849 Post
433 811 505 849 hoc
522 825 583 849 me
601 811 728 848 docuit
745 811 931 849 melimela
946 812 1078 850 rubere
1094 812 1277 850 minorem

321 863 384 900 Ad
400 864 529 901 lunam
547 864 701 901 delecta.
757 864 856 910 Quid
873 864 944 902 hoc
961 865 1124 912 intersit,
1143 865 1189 903 ab
1208 865 1290 915 ipso

322 917 495 955 Audieris
512 917 655 954 melius.
710 916 810 953 Tum
827 917 1000 955 Vibidius
1018 917 1238 955 Balatroni:

321 969 403 1007 Nos
421 969 494 1007 nisi
512 970 687 1007 damnose
704 969 878 1017 bibimus,
896 970 1098 1008 moriemur
1114 970 1250 1008 inulti:

322 1021 376 1059 Et
395 1022 525 1060 calices
543 1023 663 1072 poscit
681 1022 849 1073 majores.
902 1022 1058 1061 Vertere
1074 1023 1192 1073 pallor

323 1075 422 1112 Tum
439 1075 591 1125 parochi
608 1075 741 1113 faciem
758 1075 813 1112 nil
830 1075 882 1113 sic
899 1075 1105 1114 metuentis
1121 1077 1168 1113 ut
1185 1088 1286 1113 acres

323 1128 490 1175 Potores,
509 1128 569 1165 vel
588 1128 687 1177 quod
704 1128 800 1166 male
818 1128 950 1166 dicunt
966 1128 1117 1166 liberius
1134 1128 1195 1166 vel

322 1159 490 1218 Fervida
502 1181 601 1230 quod
619 1181 755 1218 subtile
774 1181 976 1219 exsurdant
993 1181 1082 1219 vina
1098 1181 1278 1241 palatum.

323 1233 527 1271 Invertunt
545 1233 718 1271 Allifanis
736 1234 879 1271 vinaria
895 1236 980 1272 tota

322 1286 494 1324 Vibidius
513 1286 750 1335 Balatroque,
769 1286 905 1324 secutis
924 1286 1119 1333 omnibus3
1146 1286 1214 1324 imi

323 1339 509 1376 Convivae
526 1339 615 1376 lecti
632 1339 794 1376 nihilum
811 1352 968 1377 nocuere
985 1339 1140 1389 lagenis.

322 1392 490 1430 Affertur
508 1391 659 1441 squillas
677 1392 776 1429 inter
794 1405 970 1430 muraena
986 1394 1162 1430 natantes

322 1444 372 1482 In
388 1444 518 1494 patina
530 1446 710 1494 porrecta.
739 1445 817 1482 Sub
830 1445 901 1482 hoc
918 1445 1052 1482 herus:
1080 1444 1188 1482 Haec
1201 1443 1365 1494 gravida,
1378 1443 1514 1493 inquit.

323 1497 443 1547 Capta
460 1499 528 1544 est,
548 1497 707 1535 deterior
724 1500 810 1547 post
827 1499 978 1548 partum
996 1510 1104 1535 carne
1122 1497 1260 1534 futura.

322 1550 397 1587 His
415 1550 605 1588 mixtum
590 1564 653 1601 Jus
671 1552 750 1587 est:
779 1550 871 1597 oleo,
884 1550 990 1610 quod
1006 1550 1127 1610 prima
1143 1549 1297 1587 Venafi'i

322 1603 465 1641 Pressit
484 1603 596 1650 cella3
624 1616 714 1663 garo
733 1603 778 1641 de
796 1603 913 1640 succis
930 1602 1042 1653 piscis
1060 1602 1218 1650 Hiberi3

321 1656 420 1693 Vino
440 1655 679 1706 quinquenni,
698 1669 829 1693 verum
847 1656 942 1693 citra
957 1669 1060 1693 mare
1077 1657 1179 1702 nato,

321 1709 426 1746 Dum
443 1709 636 1758 coquitur3
665 1711 771 1746 606110
790 1708 928 1746 Chium
946 1708 998 1746 sic
1016 1708 1202 1755 convenit,
1220 1708 1265 1745 ut
1282 1719 1358 1745 non

322 1762 408 1799 Hoc
426 1761 546 1811 magis
564 1761 684 1798 ullum
703 1761 825 1799 aliud·
818 1792 826 1808 ‚
852 1761 978 1812 pipere
997 1761 1092 1808 albo,
1110 1774 1188 1798 non
1206 1760 1285 1798 sine
1303 1761 1422 1807 aceto,

322 1814 432 1861 Quod
450 1814 762 1864 Methymnaeam
779 1814 874 1852 vitio
891 1813 1097 1852 mutaverit
1115 1826 1241 1851 uvam.

321 1867 463 1904 Erucas
481 1867 627 1913 virides,
645 1867 766 1904 inulas
785 1880 854 1917 ego
872 1867 1015 1917 primus
1033 1879 1175 1904 amaras

322 1920 535 1957 Monstravi
552 1920 759 1969 incoquere,
777 1919 905 1957 illutos
925 1919 1106 1957 Curtillus
1125 1918 1287 1966 echinos,

321 1972 379 2010 Ut
397 1972 528 2010 melius
546 1973 668 2010 muria
685 1972 783 2022 quod
800 1974 902 2010 testa
917 1972 1062 2010 marina
1077 1971 1263 2009 remittat.

321 2024 473 2063 Interea
490 2038 666 2075 suspensa
683 2038 815 2075 graves
833 2025 960 2062 aulaea
976 2024 1103 2061 ruinas

322 2078 372 2115 In
385 2078 555 2128 patinam
571 2078 700 2124 fecere,
718 2077 909 2115 trahentia
925 2076 1088 2127 pulveris
1107 2076 1181 2114 atri

322 2131 511 2177 Quantum
531 2143 608 2167 non
626 2130 764 2179 Aquilo
783 2129 982 2180 Campanis
1000 2129 1139 2167 excitat
1159 2129 1270 2177 agris.

321 2183 403 2221 Nos
420 2183 539 2234 majus
557 2182 678 2229 veriti,
697 2185 897 2233 postquam
915 2182 1012 2219 nihil
1029 2195 1108 2220 esse
1124 2181 1255 2232 pericli

321 2236 521 2282 Sensimus,
541 2235 728 2286 erigimur.
782 2235 906 2272 Rufus
923 2235 1046 2285 posito
1065 2234 1196 2284 eapite,
1215 2236 1260 2271 ut
1278 2234 1311 2271 si

322 2289 441 2326 Filius
458 2289 682 2326 immaturus
701 2288 852 2335 obisset,
870 2288 967 2325 fiere.
1023 2287 1115 2334 Quis
1133 2288 1231 2325 esset

321 2341 438 2388 Finis,
456 2341 497 2378 ni
514 2341 658 2391 sapiens
677 2340 728 2378 sic
746 2341 1009 2378 Nomentanus
1028 2340 1190 2377 amicum

321 2394 504 2432 Tolleret:
533 2394 634 2441 Heu,
654 2393 834 2440 Fortuna,
853 2393 935 2442 quis
953 2394 1011 2430 est
1029 2392 1210 2430 crudelior
1226 2391 1267 2428 in
1284 2404 1353 2428 nos

321 2447 375 2484 Te
393 2446 514 2485 deus?
541 2446 600 2483 Ut
618 2459 762 2496 semper
779 2446 917 2496 gaudes
934 2445 1089 2483 illudere
1105 2445 1217 2482 rebus

320 2499 528 2537 Humanis!
556 2499 691 2536 Varius
708 2512 844 2549 mappa
861 2511 1091 2548 compescere
1107 2498 1226 2534 risum

320 2552 393 2589 Vix
410 2554 570 2602 poterat.
625 2552 780 2589 Balatro
799 2551 1026 2602 suspendens
1046 2549 1172 2587 omnia
1189 2562 1294 2595 11380,

322 2605 427 2643 Haec
446 2606 503 2643 est
521 2604 685 2642 conditio
702 2604 863 2651 vivendi,
882 2603 1014 2650 aiebat,
1033 2615 1148 2652 eoque
