<?xml version="1.0" encoding="UTF-8"?>
<!DOCTYPE html PUBLIC "-//W3C//DTD XHTML 1.0 Transitional//EN"
    "http://www.w3.org/TR/xhtml1/DTD/xhtml1-transitional.dtd">
<html xmlns="http://www.w3.org/1999/xhtml" xml:lang="en" lang="en">
 <head>
  <title>
</title>
<meta http-equiv="Content-Type" content="text/html;charset=utf-8" />
  <meta name='ocr-system' content='tesseract 3.04.00' />
  <meta name='ocr-capabilities' content='ocr_page ocr_carea ocr_par ocr_line ocrx_word'/>
</head>
<body>
  <div class='ocr_page' id='page_1' title='image "./worksfromtextofo00horauoft_0154.png"; bbox 0 0 1670 2736; ppageno 0'>
   <div class='ocr_carea' id='block_1_1' title="bbox 255 126 332 164">
    <p class='ocr_par' dir='ltr' id='par_1_1' title="bbox 255 126 332 164">
     <span class='ocr_line' id='line_1_1' title="bbox 255 126 332 164; baseline 0.013 -1"><span class='ocrx_word' id='word_1_1' title='bbox 255 126 332 164; x_wconf 88' lang='grc'>116</span> 
     </span>
    </p>
   </div>
   <div class='ocr_carea' id='block_1_2' title="bbox 632 134 1083 176">
    <p class='ocr_par' dir='ltr' id='par_1_2' title="bbox 632 134 1083 176">
     <span class='ocr_line' id='line_1_2' title="bbox 632 134 1083 176; baseline 0 -14"><span class='ocrx_word' id='word_1_2' title='bbox 632 174 635 176; x_wconf 32' lang='lat'><strong><em>¹</em></strong></span> <span class='ocrx_word' id='word_1_3' title='bbox 683 134 861 163; x_wconf 75' lang='lat' dir='ltr'><strong>HORA‘HI</strong></span> <span class='ocrx_word' id='word_1_4' title='bbox 880 134 1083 162; x_wconf 63' lang='lat' dir='ltr'>omnum.</span> 
     </span>
    </p>
   </div>
   <div class='ocr_carea' id='block_1_3' title="bbox 463 228 1202 439">
    <p class='ocr_par' dir='ltr' id='par_1_3' title="bbox 466 228 1202 280">
     <span class='ocr_line' id='line_1_3' title="bbox 466 228 1202 280; baseline 0.001 -13"><span class='ocrx_word' id='word_1_5' title='bbox 466 230 539 268; x_wconf 88' lang='lat' dir='ltr'>Sed</span> <span class='ocrx_word' id='word_1_6' title='bbox 555 229 671 277; x_wconf 86' lang='lat' dir='ltr'>vides,</span> <span class='ocrx_word' id='word_1_7' title='bbox 690 230 832 280; x_wconf 81' lang='lat' dir='ltr'>quanto</span> <span class='ocrx_word' id='word_1_8' title='bbox 849 228 1013 280; x_wconf 86' lang='lat' dir='ltr'>trepidet</span> <span class='ocrx_word' id='word_1_9' title='bbox 1030 229 1202 268; x_wconf 88' lang='lat' dir='ltr'>tumultu</span> 
     </span>
    </p>

    <p class='ocr_par' dir='ltr' id='par_1_4' title="bbox 465 282 1178 333">
     <span class='ocr_line' id='line_1_4' title="bbox 465 282 1178 333; baseline 0 -13"><span class='ocrx_word' id='word_1_10' title='bbox 465 283 613 321; x_wconf 89' lang='lat' dir='ltr'>Pronus</span> <span class='ocrx_word' id='word_1_11' title='bbox 633 282 761 321; x_wconf 91' lang='lat' dir='ltr'>Orion.</span> <span class='ocrx_word' id='word_1_12' title='bbox 815 282 901 333; x_wconf 85' lang='lat' dir='ltr'>Ego</span> <span class='ocrx_word' id='word_1_13' title='bbox 920 282 1011 333; x_wconf 92' lang='lat' dir='ltr'>quid</span> <span class='ocrx_word' id='word_1_14' title='bbox 1028 282 1079 320; x_wconf 86' lang='lat' dir='ltr'>sit</span> <span class='ocrx_word' id='word_1_15' title='bbox 1097 284 1178 321; x_wconf 85' lang='lat' dir='ltr'>ater</span> 
     </span>
    </p>

    <p class='ocr_par' dir='ltr' id='par_1_5' title="bbox 463 334 1145 439">
     <span class='ocr_line' id='line_1_5' title="bbox 463 334 1145 386; baseline 0.001 -14"><span class='ocrx_word' id='word_1_16' title='bbox 463 335 630 374; x_wconf 87' lang='lat' dir='ltr'>Hadriae</span> <span class='ocrx_word' id='word_1_17' title='bbox 646 335 736 373; x_wconf 91' lang='lat' dir='ltr'>novi</span> <span class='ocrx_word' id='word_1_18' title='bbox 753 335 856 373; x_wconf 88' lang='lat' dir='ltr'>sinus</span> <span class='ocrx_word' id='word_1_19' title='bbox 873 336 913 373; x_wconf 89' lang='lat' dir='ltr'>et</span> <span class='ocrx_word' id='word_1_20' title='bbox 931 334 1023 386; x_wconf 85' lang='lat' dir='ltr'>quid</span> <span class='ocrx_word' id='word_1_21' title='bbox 1039 335 1145 373; x_wconf 85' lang='lat' dir='ltr'>albus</span> 
     </span>
     <span class='ocr_line' id='line_1_6' title="bbox 620 387 915 439; baseline 0 -13"><span class='ocrx_word' id='word_1_22' title='bbox 620 388 757 426; x_wconf 86' lang='lat' dir='ltr'>Peccet</span> <span class='ocrx_word' id='word_1_23' title='bbox 776 387 804 425; x_wconf 87' lang='lat' dir='ltr'><strong>J</strong></span> <span class='ocrx_word' id='word_1_24' title='bbox 805 401 915 439; x_wconf 81' lang='lat' dir='ltr'>apyx.</span> 
     </span>
    </p>
   </div>
   <div class='ocr_carea' id='block_1_4' title="bbox 463 473 1255 683">
    <p class='ocr_par' dir='ltr' id='par_1_6' title="bbox 463 473 1133 524">
     <span class='ocr_line' id='line_1_7' title="bbox 463 473 1133 524; baseline -0.001 -11"><span class='ocrx_word' id='word_1_25' title='bbox 463 474 649 513; x_wconf 88' lang='lat' dir='ltr'>Hostium</span> <span class='ocrx_word' id='word_1_26' title='bbox 665 487 798 512; x_wconf 87' lang='lat' dir='ltr'>uxores</span> <span class='ocrx_word' id='word_1_27' title='bbox 811 473 989 524; x_wconf 80' lang='lat' dir='ltr'>puerique</span> <span class='ocrx_word' id='word_1_28' title='bbox 1006 487 1133 512; x_wconf 84' lang='lat' dir='ltr'>caecos</span> 
     </span>
    </p>

    <p class='ocr_par' dir='ltr' id='par_1_7' title="bbox 463 526 1165 565">
     <span class='ocr_line' id='line_1_8' title="bbox 463 526 1165 565; baseline -0.001 0"><span class='ocrx_word' id='word_1_29' title='bbox 463 527 638 565; x_wconf 83' lang='lat' dir='ltr'>Sentiant</span> <span class='ocrx_word' id='word_1_30' title='bbox 655 529 783 565; x_wconf 88' lang='lat' dir='ltr'>motus</span> <span class='ocrx_word' id='word_1_31' title='bbox 802 526 956 565; x_wconf 87' lang='lat' dir='ltr'>orientis</span> <span class='ocrx_word' id='word_1_32' title='bbox 974 526 1108 564; x_wconf 87' lang='lat' dir='ltr'>Austri</span> <span class='ocrx_word' id='word_1_33' title='bbox 1125 528 1165 565; x_wconf 88' lang='lat' dir='ltr'>et</span> 
     </span>
    </p>

    <p class='ocr_par' dir='ltr' id='par_1_8' title="bbox 464 579 1255 683">
     <span class='ocr_line' id='line_1_9' title="bbox 464 579 1255 631; baseline 0.001 -13"><span class='ocrx_word' id='word_1_34' title='bbox 464 580 648 631; x_wconf 85' lang='lat' dir='ltr'>Aequoris</span> <span class='ocrx_word' id='word_1_35' title='bbox 665 579 767 630; x_wconf 86' lang='lat' dir='ltr'>nigri</span> <span class='ocrx_word' id='word_1_36' title='bbox 783 579 978 618; x_wconf 84' lang='lat' dir='ltr'>fremitum</span> <span class='ocrx_word' id='word_1_37' title='bbox 995 581 1034 618; x_wconf 91' lang='lat' dir='ltr'>et</span> <span class='ocrx_word' id='word_1_38' title='bbox 1051 581 1255 619; x_wconf 82' lang='lat' dir='ltr'>trementes</span> 
     </span>
     <span class='ocr_line' id='line_1_10' title="bbox 617 632 908 683; baseline 0.003 -14"><span class='ocrx_word' id='word_1_39' title='bbox 617 632 780 671; x_wconf 83' lang='lat' dir='ltr'>Verbere</span> <span class='ocrx_word' id='word_1_40' title='bbox 797 632 908 683; x_wconf 85' lang='lat' dir='ltr'>ripas.</span> 
     </span>
    </p>
   </div>
   <div class='ocr_carea' id='block_1_5' title="bbox 461 719 1167 916">
    <p class='ocr_par' dir='ltr' id='par_1_9' title="bbox 463 719 1067 770">
     <span class='ocr_line' id='line_1_11' title="bbox 463 719 1067 770; baseline 0 -13"><span class='ocrx_word' id='word_1_41' title='bbox 463 720 524 758; x_wconf 88' lang='lat' dir='ltr'>Sic</span> <span class='ocrx_word' id='word_1_42' title='bbox 543 721 582 758; x_wconf 89' lang='lat' dir='ltr'>et</span> <span class='ocrx_word' id='word_1_43' title='bbox 600 720 752 770; x_wconf 80' lang='lat' dir='ltr'>Europe</span> <span class='ocrx_word' id='word_1_44' title='bbox 768 719 922 757; x_wconf 82' lang='lat' dir='ltr'>niveum</span> <span class='ocrx_word' id='word_1_45' title='bbox 939 719 1067 757; x_wconf 87' lang='lat' dir='ltr'>doloso</span> 
     </span>
    </p>

    <p class='ocr_par' dir='ltr' id='par_1_10' title="bbox 462 772 1163 811">
     <span class='ocr_line' id='line_1_12' title="bbox 462 772 1163 811; baseline 0 -1"><span class='ocrx_word' id='word_1_46' title='bbox 462 772 631 811; x_wconf 90' lang='lat' dir='ltr'>Credidit</span> <span class='ocrx_word' id='word_1_47' title='bbox 649 774 759 810; x_wconf 85' lang='lat' dir='ltr'>tauro</span> <span class='ocrx_word' id='word_1_48' title='bbox 776 772 877 810; x_wconf 74' lang='lat' dir='ltr'>latus</span> <span class='ocrx_word' id='word_1_49' title='bbox 898 773 937 810; x_wconf 89' lang='lat' dir='ltr'>et</span> <span class='ocrx_word' id='word_1_50' title='bbox 955 774 1163 811; x_wconf 88' lang='lat' dir='ltr'>scatentem</span> 
     </span>
    </p>

    <p class='ocr_par' dir='ltr' id='par_1_11' title="bbox 461 825 1167 916">
     <span class='ocr_line' id='line_1_13' title="bbox 461 825 1167 876; baseline 0 -13"><span class='ocrx_word' id='word_1_51' title='bbox 461 826 592 864; x_wconf 82' lang='lat' dir='ltr'>Beluis</span> <span class='ocrx_word' id='word_1_52' title='bbox 609 827 772 876; x_wconf 91' lang='lat' dir='ltr'>pontum</span> <span class='ocrx_word' id='word_1_53' title='bbox 789 825 1002 876; x_wconf 82' lang='lat' dir='ltr'>mediasque</span> <span class='ocrx_word' id='word_1_54' title='bbox 1019 825 1167 864; x_wconf 87' lang='lat' dir='ltr'>fraudes</span> 
     </span>
     <span class='ocr_line' id='line_1_14' title="bbox 618 878 912 916; baseline -0.003 0"><span class='ocrx_word' id='word_1_55' title='bbox 618 878 762 916; x_wconf 78' lang='lat' dir='ltr'>Palluit</span> <span class='ocrx_word' id='word_1_56' title='bbox 781 878 912 916; x_wconf 80' lang='lat' dir='ltr'>audax.</span> 
     </span>
    </p>
   </div>
   <div class='ocr_carea' id='block_1_6' title="bbox 462 964 1184 1162">
    <p class='ocr_par' dir='ltr' id='par_1_12' title="bbox 463 964 1184 1015">
     <span class='ocr_line' id='line_1_15' title="bbox 463 964 1184 1015; baseline 0 -13"><span class='ocrx_word' id='word_1_57' title='bbox 463 965 596 1015; x_wconf 87' lang='lat' dir='ltr'>Nuper</span> <span class='ocrx_word' id='word_1_58' title='bbox 613 965 654 1002; x_wconf 87' lang='lat' dir='ltr'>in</span> <span class='ocrx_word' id='word_1_59' title='bbox 670 964 789 1015; x_wconf 83' lang='lat' dir='ltr'>pratis</span> <span class='ocrx_word' id='word_1_60' title='bbox 808 964 976 1003; x_wconf 77' lang='lat' dir='ltr'>studiosa,</span> <span class='ocrx_word' id='word_1_61' title='bbox 991 965 1127 1002; x_wconf 89' lang='lat' dir='ltr'>florum</span> <span class='ocrx_word' id='word_1_62' title='bbox 1145 967 1184 1003; x_wconf 86' lang='lat' dir='ltr'>et</span> 
     </span>
    </p>

    <p class='ocr_par' dir='ltr' id='par_1_13' title="bbox 462 1017 1151 1069">
     <span class='ocr_line' id='line_1_16' title="bbox 462 1017 1151 1069; baseline 0 -14"><span class='ocrx_word' id='word_1_63' title='bbox 462 1018 624 1056; x_wconf 88' lang='lat' dir='ltr'>Debitae</span> <span class='ocrx_word' id='word_1_64' title='bbox 642 1017 835 1069; x_wconf 80' lang='lat' dir='ltr'>Nymphis</span> <span class='ocrx_word' id='word_1_65' title='bbox 854 1017 977 1068; x_wconf 85' lang='lat' dir='ltr'>opifex</span> <span class='ocrx_word' id='word_1_66' title='bbox 995 1031 1151 1056; x_wconf 85' lang='lat' dir='ltr'>coronae</span> 
     </span>
    </p>

    <p class='ocr_par' dir='ltr' id='par_1_14' title="bbox 462 1070 1183 1162">
     <span class='ocr_line' id='line_1_17' title="bbox 462 1070 1183 1121; baseline 0 -13"><span class='ocrx_word' id='word_1_67' title='bbox 462 1071 587 1109; x_wconf 85' lang='lat' dir='ltr'>Nocte</span> <span class='ocrx_word' id='word_1_68' title='bbox 605 1070 788 1109; x_wconf 71' lang='lat' dir='ltr'>sublustri</span> <span class='ocrx_word' id='word_1_69' title='bbox 804 1070 901 1108; x_wconf 89' lang='lat' dir='ltr'>nihil</span> <span class='ocrx_word' id='word_1_70' title='bbox 919 1072 1020 1108; x_wconf 82' lang='lat' dir='ltr'>astra.</span> <span class='ocrx_word' id='word_1_71' title='bbox 1035 1072 1183 1121; x_wconf 87' lang='lat' dir='ltr'>praeter</span> 
     </span>
     <span class='ocr_line' id='line_1_18' title="bbox 617 1123 931 1162; baseline -0.003 -1"><span class='ocrx_word' id='word_1_72' title='bbox 617 1123 726 1161; x_wconf 88' lang='lat' dir='ltr'>Vidit</span> <span class='ocrx_word' id='word_1_73' title='bbox 744 1125 784 1162; x_wconf 90' lang='lat' dir='ltr'>et</span> <span class='ocrx_word' id='word_1_74' title='bbox 800 1123 931 1161; x_wconf 83' lang='lat' dir='ltr'>undas.</span> 
     </span>
    </p>
   </div>
   <div class='ocr_carea' id='block_1_7' title="bbox 462 1209 1228 1406">
    <p class='ocr_par' dir='ltr' id='par_1_15' title="bbox 462 1209 1228 1366">
     <span class='ocr_line' id='line_1_19' title="bbox 462 1209 1228 1260; baseline -0.003 -12"><span class='ocrx_word' id='word_1_75' title='bbox 462 1210 566 1257; x_wconf 78' lang='lat' dir='ltr'>Quae</span> <span class='ocrx_word' id='word_1_76' title='bbox 584 1209 696 1247; x_wconf 86' lang='lat' dir='ltr'>simul</span> <span class='ocrx_word' id='word_1_77' title='bbox 714 1211 867 1248; x_wconf 85' lang='lat' dir='ltr'>centum</span> <span class='ocrx_word' id='word_1_78' title='bbox 883 1209 1015 1260; x_wconf 86' lang='lat' dir='ltr'>tetigit</span> <span class='ocrx_word' id='word_1_79' title='bbox 1032 1211 1228 1260; x_wconf 86' lang='lat' dir='ltr'>potentem</span> 
     </span>
     <span class='ocr_line' id='line_1_20' title="bbox 462 1262 1188 1313; baseline 0 -13"><span class='ocrx_word' id='word_1_80' title='bbox 462 1263 618 1313; x_wconf 72' lang='lat' dir='ltr'>oppidis</span> <span class='ocrx_word' id='word_1_81' title='bbox 637 1262 796 1301; x_wconf 90' lang='lat' dir='ltr'>Creten:</span> <span class='ocrx_word' id='word_1_82' title='bbox 817 1262 943 1310; x_wconf 85' lang='lat' dir='ltr'>Pater,</span> <span class='ocrx_word' id='word_1_83' title='bbox 962 1263 996 1300; x_wconf 93' lang='grc' dir='ltr'><strong>Ο</strong></span> <span class='ocrx_word' id='word_1_84' title='bbox 1014 1263 1188 1300; x_wconf 88' lang='lat' dir='ltr'>relictum</span> 
     </span>
     <span class='ocr_line' id='line_1_21' title="bbox 462 1315 1083 1366; baseline 0.002 -14"><span class='ocrx_word' id='word_1_85' title='bbox 462 1315 579 1353; x_wconf 80' lang='lat' dir='ltr'>Filiae</span> <span class='ocrx_word' id='word_1_86' title='bbox 597 1328 734 1353; x_wconf 89' lang='lat' dir='ltr'>nomen</span> <span class='ocrx_word' id='word_1_87' title='bbox 751 1315 955 1366; x_wconf 83' lang='lat' dir='ltr'>pietasque,</span> <span class='ocrx_word' id='word_1_88' title='bbox 974 1315 1083 1362; x_wconf 87' lang='lat' dir='ltr'>dixit,</span> 
     </span>
    </p>

    <p class='ocr_par' dir='ltr' id='par_1_16' title="bbox 616 1368 890 1406">
     <span class='ocr_line' id='line_1_22' title="bbox 616 1368 890 1406; baseline 0.004 -1"><span class='ocrx_word' id='word_1_89' title='bbox 616 1368 729 1406; x_wconf 87' lang='lat' dir='ltr'>Victa</span> <span class='ocrx_word' id='word_1_90' title='bbox 746 1369 890 1406; x_wconf 81' lang='lat' dir='ltr'>furore!</span> 
     </span>
    </p>
   </div>
   <div class='ocr_carea' id='block_1_8' title="bbox 460 1453 1251 1662">
    <p class='ocr_par' dir='ltr' id='par_1_17' title="bbox 460 1453 1251 1662">
     <span class='ocr_line' id='line_1_23' title="bbox 460 1453 1251 1504; baseline -0.003 -12"><span class='ocrx_word' id='word_1_91' title='bbox 460 1454 572 1492; x_wconf 89' lang='lat' dir='ltr'>Unde</span> <span class='ocrx_word' id='word_1_92' title='bbox 591 1467 664 1504; x_wconf 91' lang='lat' dir='ltr'>quo</span> <span class='ocrx_word' id='word_1_93' title='bbox 681 1454 791 1492; x_wconf 86' lang='lat' dir='ltr'>veni.</span> <span class='ocrx_word' id='word_1_94' title='bbox 781 1453 799 1483; x_wconf 69' lang='lat'>9</span> <span class='ocrx_word' id='word_1_95' title='bbox 853 1454 965 1492; x_wconf 87' lang='lat' dir='ltr'>Levis</span> <span class='ocrx_word' id='word_1_96' title='bbox 982 1466 1058 1491; x_wconf 87' lang='lat' dir='ltr'>una.</span> <span class='ocrx_word' id='word_1_97' title='bbox 1074 1466 1175 1491; x_wconf 88' lang='lat' dir='ltr'>mors</span> <span class='ocrx_word' id='word_1_98' title='bbox 1193 1456 1251 1491; x_wconf 89' lang='lat' dir='ltr'>est</span> 
     </span>
     <span class='ocr_line' id='line_1_24' title="bbox 463 1506 1217 1558; baseline 0 -15"><span class='ocrx_word' id='word_1_99' title='bbox 463 1507 663 1558; x_wconf 89' lang='lat' dir='ltr'>Virginum</span> <span class='ocrx_word' id='word_1_100' title='bbox 681 1507 821 1557; x_wconf 83' lang='lat' dir='ltr'>culpae.</span> <span class='ocrx_word' id='word_1_101' title='bbox 875 1506 1096 1557; x_wconf 85' lang='lat' dir='ltr'>Vigilansne</span> <span class='ocrx_word' id='word_1_102' title='bbox 1113 1506 1217 1556; x_wconf 91' lang='lat' dir='ltr'>ploro</span> 
     </span>
     <span class='ocr_line' id='line_1_25' title="bbox 566 1559 1250 1606; baseline -0.003 -8"><span class='ocrx_word' id='word_1_103' title='bbox 566 1574 586 1599; x_wconf 92' lang='lat' dir='ltr'>e</span> <span class='ocrx_word' id='word_1_104' title='bbox 604 1559 855 1606; x_wconf 82' lang='lat' dir='ltr'>commissum,</span> <span class='ocrx_word' id='word_1_105' title='bbox 874 1573 922 1597; x_wconf 84' lang='lat' dir='ltr'>an</span> <span class='ocrx_word' id='word_1_106' title='bbox 939 1559 1042 1597; x_wconf 89' lang='lat' dir='ltr'>vitiis</span> <span class='ocrx_word' id='word_1_107' title='bbox 1060 1560 1250 1597; x_wconf 83' lang='lat' dir='ltr'>carentem</span> 
     </span>
     <span class='ocr_line' id='line_1_26' title="bbox 617 1613 879 1662; baseline 0 -12"><span class='ocrx_word' id='word_1_108' title='bbox 617 1613 764 1650; x_wconf 86' lang='lat' dir='ltr'>Ludit</span> <span class='ocrx_word' id='word_1_109' title='bbox 753 1625 879 1662; x_wconf 86' lang='lat' dir='ltr'>1mago</span> 
     </span>
    </p>
   </div>
   <div class='ocr_carea' id='block_1_9' title="bbox 460 1698 1208 1908">
    <p class='ocr_par' dir='ltr' id='par_1_18' title="bbox 460 1698 1145 1750">
     <span class='ocr_line' id='line_1_27' title="bbox 460 1698 1145 1750; baseline -0.001 -13"><span class='ocrx_word' id='word_1_110' title='bbox 460 1699 580 1746; x_wconf 83' lang='lat' dir='ltr'>Vana,</span> <span class='ocrx_word' id='word_1_111' title='bbox 600 1713 693 1750; x_wconf 89' lang='lat' dir='ltr'>quae</span> <span class='ocrx_word' id='word_1_112' title='bbox 710 1701 821 1750; x_wconf 87' lang='lat' dir='ltr'>porta</span> <span class='ocrx_word' id='word_1_113' title='bbox 838 1698 986 1749; x_wconf 84' lang='lat' dir='ltr'>fugiens</span> <span class='ocrx_word' id='word_1_114' title='bbox 1004 1698 1145 1736; x_wconf 81' lang='lat' dir='ltr'>eburna.</span> 
     </span>
    </p>

    <p class='ocr_par' dir='ltr' id='par_1_19' title="bbox 461 1751 1208 1791">
     <span class='ocr_line' id='line_1_28' title="bbox 461 1751 1208 1791; baseline -0.001 -1"><span class='ocrx_word' id='word_1_115' title='bbox 461 1753 655 1790; x_wconf 83' lang='lat' dir='ltr'>Sonmium</span> <span class='ocrx_word' id='word_1_116' title='bbox 673 1751 809 1791; x_wconf 79' lang='lat' dir='ltr'>duciti&gt;</span> <span class='ocrx_word' id='word_1_117' title='bbox 863 1751 1051 1790; x_wconf 88' lang='lat' dir='ltr'>Meliusne</span> <span class='ocrx_word' id='word_1_118' title='bbox 1068 1751 1208 1790; x_wconf 88' lang='lat' dir='ltr'>fluctus</span> 
     </span>
    </p>

    <p class='ocr_par' dir='ltr' id='par_1_20' title="bbox 460 1804 1115 1908">
     <span class='ocr_line' id='line_1_29' title="bbox 460 1804 1115 1856; baseline 0 -14"><span class='ocrx_word' id='word_1_119' title='bbox 460 1806 523 1843; x_wconf 91' lang='lat' dir='ltr'>Ire</span> <span class='ocrx_word' id='word_1_120' title='bbox 540 1819 607 1856; x_wconf 91' lang='lat' dir='ltr'>per</span> <span class='ocrx_word' id='word_1_121' title='bbox 624 1806 757 1856; x_wconf 86' lang='lat' dir='ltr'>longos</span> <span class='ocrx_word' id='word_1_122' title='bbox 775 1804 861 1852; x_wconf 84' lang='lat' dir='ltr'>fuit,</span> <span class='ocrx_word' id='word_1_123' title='bbox 880 1818 928 1842; x_wconf 79' lang='lat' dir='ltr'>an</span> <span class='ocrx_word' id='word_1_124' title='bbox 947 1806 1115 1843; x_wconf 84' lang='lat' dir='ltr'>recentes</span> 
     </span>
     <span class='ocr_line' id='line_1_30' title="bbox 618 1857 936 1908; baseline 0 -12"><span class='ocrx_word' id='word_1_125' title='bbox 618 1858 778 1908; x_wconf 83' lang='lat' dir='ltr'>Carpere</span> <span class='ocrx_word' id='word_1_126' title='bbox 795 1858 904 1896; x_wconf 90' lang='lat' dir='ltr'>fiores</span> <span class='ocrx_word' id='word_1_127' title='bbox 916 1857 936 1896; x_wconf 74' lang='grc' dir='ltr'><strong><em>Ρ</em></strong></span> 
     </span>
    </p>
   </div>
   <div class='ocr_carea' id='block_1_10' title="bbox 461 1943 1248 2141">
    <p class='ocr_par' dir='ltr' id='par_1_21' title="bbox 463 1943 1248 1994">
     <span class='ocr_line' id='line_1_31' title="bbox 463 1943 1248 1994; baseline 0 -13"><span class='ocrx_word' id='word_1_128' title='bbox 463 1944 503 1981; x_wconf 88' lang='lat' dir='ltr'>Si</span> <span class='ocrx_word' id='word_1_129' title='bbox 521 1944 604 1994; x_wconf 82' lang='lat' dir='ltr'>quis</span> <span class='ocrx_word' id='word_1_130' title='bbox 622 1944 802 1982; x_wconf 84' lang='lat' dir='ltr'>infamem</span> <span class='ocrx_word' id='word_1_131' title='bbox 819 1943 914 1981; x_wconf 86' lang='lat' dir='ltr'>mihi</span> <span class='ocrx_word' id='word_1_132' title='bbox 931 1957 1031 1981; x_wconf 88' lang='lat' dir='ltr'>nunc</span> <span class='ocrx_word' id='word_1_133' title='bbox 1043 1943 1248 1994; x_wconf 85' lang='lat' dir='ltr'>juvencum</span> 
     </span>
    </p>

    <p class='ocr_par' dir='ltr' id='par_1_22' title="bbox 461 1997 1085 2043">
     <span class='ocr_line' id='line_1_32' title="bbox 461 1997 1085 2043; baseline -0.002 -8"><span class='ocrx_word' id='word_1_134' title='bbox 461 1997 588 2035; x_wconf 83' lang='lat' dir='ltr'>Dedat</span> <span class='ocrx_word' id='word_1_135' title='bbox 605 1997 734 2043; x_wconf 82' lang='lat' dir='ltr'>iratae,</span> <span class='ocrx_word' id='word_1_136' title='bbox 751 1997 913 2034; x_wconf 77' lang='lat' dir='ltr'>lacerare</span> <span class='ocrx_word' id='word_1_137' title='bbox 930 1997 1027 2034; x_wconf 88' lang='lat' dir='ltr'>ferro</span> <span class='ocrx_word' id='word_1_138' title='bbox 1045 1998 1085 2034; x_wconf 89' lang='lat' dir='ltr'>et</span> 
     </span>
    </p>

    <p class='ocr_par' dir='ltr' id='par_1_23' title="bbox 462 2049 1236 2141">
     <span class='ocr_line' id='line_1_33' title="bbox 462 2049 1236 2100; baseline 0.001 -14"><span class='ocrx_word' id='word_1_139' title='bbox 462 2050 650 2100; x_wconf 85' lang='lat' dir='ltr'>Frangere</span> <span class='ocrx_word' id='word_1_140' title='bbox 668 2049 790 2088; x_wconf 83' lang='lat' dir='ltr'>enitar</span> <span class='ocrx_word' id='word_1_141' title='bbox 807 2049 920 2087; x_wconf 91' lang='lat' dir='ltr'>modo</span> <span class='ocrx_word' id='word_1_142' title='bbox 938 2049 1103 2087; x_wconf 88' lang='lat' dir='ltr'>multum</span> <span class='ocrx_word' id='word_1_143' title='bbox 1120 2049 1236 2087; x_wconf 82' lang='lat' dir='ltr'>amati</span> 
     </span>
     <span class='ocr_line' id='line_1_34' title="bbox 615 2102 955 2141; baseline -0.003 -1"><span class='ocrx_word' id='word_1_144' title='bbox 615 2102 766 2141; x_wconf 83' lang='lat' dir='ltr'>Cornua</span> <span class='ocrx_word' id='word_1_145' title='bbox 782 2102 955 2140; x_wconf 87' lang='lat' dir='ltr'>monstri.</span> 
     </span>
    </p>
   </div>
   <div class='ocr_carea' id='block_1_11' title="bbox 461 2188 1269 2386">
    <p class='ocr_par' dir='ltr' id='par_1_24' title="bbox 461 2188 1130 2240">
     <span class='ocr_line' id='line_1_35' title="bbox 461 2188 1130 2240; baseline 0.001 -14"><span class='ocrx_word' id='word_1_146' title='bbox 461 2189 667 2240; x_wconf 85' lang='lat' dir='ltr'>Impudens</span> <span class='ocrx_word' id='word_1_147' title='bbox 684 2189 778 2240; x_wconf 91' lang='lat' dir='ltr'>liqui</span> <span class='ocrx_word' id='word_1_148' title='bbox 795 2189 937 2240; x_wconf 83' lang='lat' dir='ltr'>patrios</span> <span class='ocrx_word' id='word_1_149' title='bbox 955 2188 1130 2236; x_wconf 73' lang='lat' dir='ltr'>Penates,</span> 
     </span>
    </p>

    <p class='ocr_par' dir='ltr' id='par_1_25' title="bbox 462 2241 1242 2293">
     <span class='ocr_line' id='line_1_36' title="bbox 462 2241 1242 2293; baseline 0 -14"><span class='ocrx_word' id='word_1_150' title='bbox 462 2242 667 2293; x_wconf 88' lang='lat' dir='ltr'>Impudens</span> <span class='ocrx_word' id='word_1_151' title='bbox 686 2242 827 2280; x_wconf 86' lang='lat' dir='ltr'>Orcum</span> <span class='ocrx_word' id='word_1_152' title='bbox 844 2255 980 2280; x_wconf 90' lang='lat' dir='ltr'>moror.</span> <span class='ocrx_word' id='word_1_153' title='bbox 1035 2241 1068 2279; x_wconf 95' lang='grc' dir='ltr'>Ο</span> <span class='ocrx_word' id='word_1_154' title='bbox 1087 2241 1242 2280; x_wconf 87' lang='lat' dir='ltr'>deorum</span> 
     </span>
    </p>

    <p class='ocr_par' dir='ltr' id='par_1_26' title="bbox 462 2294 1269 2386">
     <span class='ocr_line' id='line_1_37' title="bbox 462 2294 1269 2345; baseline -0.001 -13"><span class='ocrx_word' id='word_1_155' title='bbox 462 2295 502 2332; x_wconf 86' lang='lat' dir='ltr'>Si</span> <span class='ocrx_word' id='word_1_156' title='bbox 519 2295 602 2345; x_wconf 86' lang='lat' dir='ltr'>quis</span> <span class='ocrx_word' id='word_1_157' title='bbox 620 2296 712 2333; x_wconf 89' lang='lat' dir='ltr'>haec</span> <span class='ocrx_word' id='word_1_158' title='bbox 731 2295 848 2342; x_wconf 84' lang='lat' dir='ltr'>audis,</span> <span class='ocrx_word' id='word_1_159' title='bbox 867 2295 1015 2333; x_wconf 87' lang='lat' dir='ltr'>utinam</span> <span class='ocrx_word' id='word_1_160' title='bbox 1031 2294 1133 2332; x_wconf 88' lang='lat' dir='ltr'>inter</span> <span class='ocrx_word' id='word_1_161' title='bbox 1150 2306 1269 2332; x_wconf 88' lang='lat' dir='ltr'>errem</span> 
     </span>
     <span class='ocr_line' id='line_1_38' title="bbox 617 2348 900 2386; baseline 0.004 -1"><span class='ocrx_word' id='word_1_162' title='bbox 617 2348 734 2385; x_wconf 86' lang='lat' dir='ltr'>Nuda</span> <span class='ocrx_word' id='word_1_163' title='bbox 750 2348 875 2386; x_wconf 88' lang='lat' dir='ltr'>leones</span> <span class='ocrx_word' id='word_1_164' title='bbox 892 2349 900 2386; x_wconf 73' lang='grc' dir='ltr'>ἔ</span> 
     </span>
    </p>
   </div>
   <div class='ocr_carea' id='block_1_12' title="bbox 466 2434 1162 2644">
    <p class='ocr_par' dir='ltr' id='par_1_27' title="bbox 466 2434 1162 2484">
     <span class='ocr_line' id='line_1_39' title="bbox 466 2434 1162 2484; baseline 0 -13"><span class='ocrx_word' id='word_1_165' title='bbox 466 2434 682 2484; x_wconf 81' lang='lat' dir='ltr'>Antequam</span> <span class='ocrx_word' id='word_1_166' title='bbox 698 2434 820 2484; x_wconf 79' lang='lat' dir='ltr'>turpis</span> <span class='ocrx_word' id='word_1_167' title='bbox 836 2434 972 2472; x_wconf 83' lang='lat' dir='ltr'>maeies</span> <span class='ocrx_word' id='word_1_168' title='bbox 989 2434 1162 2471; x_wconf 85' lang='lat' dir='ltr'>decentes</span> 
     </span>
    </p>

    <p class='ocr_par' dir='ltr' id='par_1_28' title="bbox 470 2487 1158 2547">
     <span class='ocr_line' id='line_1_40' title="bbox 470 2487 1158 2547; baseline -0.001 -23"><span class='ocrx_word' id='word_1_169' title='bbox 470 2487 638 2537; x_wconf 86' lang='lat' dir='ltr'>Occupet</span> <span class='ocrx_word' id='word_1_170' title='bbox 656 2487 772 2524; x_wconf 76' lang='lat' dir='ltr'>malas</span> <span class='ocrx_word' id='word_1_171' title='bbox 788 2489 1010 2547; x_wconf 74' lang='lat' dir='ltr'>teneraeque</span> <span class='ocrx_word' id='word_1_172' title='bbox 1028 2499 1158 2524; x_wconf 85' lang='lat' dir='ltr'>succus</span> 
     </span>
    </p>

    <p class='ocr_par' dir='ltr' id='par_1_29' title="bbox 466 2539 1139 2644">
     <span class='ocr_line' id='line_1_41' title="bbox 466 2539 1139 2590; baseline 0 -14"><span class='ocrx_word' id='word_1_173' title='bbox 466 2539 619 2577; x_wconf 84' lang='lat' dir='ltr'>Defluat</span> <span class='ocrx_word' id='word_1_174' title='bbox 637 2540 804 2590; x_wconf 83' lang='lat' dir='ltr'>praedae,</span> <span class='ocrx_word' id='word_1_175' title='bbox 822 2540 986 2590; x_wconf 81' lang='lat' dir='ltr'>speciosa</span> <span class='ocrx_word' id='word_1_176' title='bbox 1003 2552 1139 2590; x_wconf 85' lang='lat' dir='ltr'>quaero</span> 
     </span>
     <span class='ocr_line' id='line_1_42' title="bbox 621 2592 924 2644; baseline 0 -14"><span class='ocrx_word' id='word_1_177' title='bbox 621 2593 777 2631; x_wconf 86' lang='lat' dir='ltr'>Pascere</span> <span class='ocrx_word' id='word_1_178' title='bbox 795 2592 924 2644; x_wconf 86' lang='lat' dir='ltr'>tigres.</span> 
     </span>
    </p>
   </div>
   <div class='ocr_carea' id='block_1_13' title="bbox 1487 0 1626 47">
    <p class='ocr_par' dir='ltr' id='par_1_30' title="bbox 1487 0 1626 47">
     <span class='ocr_line' id='line_1_43' title="bbox 1487 0 1626 47; baseline 0 2689"><span class='ocrx_word' id='word_1_179' title='bbox 1487 0 1626 47; x_wconf 95' lang='lat' dir='ltr'> </span> 
     </span>
    </p>
   </div>
  </div>
 </body>
</html>
