1670 2736
313 122 390 160 308
644 148 646 150 -
853 134 1031 163 nonam

416 227 635 278 Descriptas
654 241 799 267 servare
816 229 916 268 vices
934 243 1163 283 operumque
1180 233 1320 272 colores

366 280 443 317 Cur
461 294 532 331 ego
550 281 582 318 si
598 295 742 332 nequeo
759 282 965 334 ignoroque
982 286 1096 334 poeta
1113 285 1288 325 salutor?

365 333 443 370 Cur
460 334 601 372 nescire
618 335 762 385 pudens
779 349 893 386 prave
911 350 1024 386 quam
1042 337 1181 377 discere
1198 339 1330 379 malo?

362 385 542 424 Versibus
560 387 695 438 exponi
711 388 865 438 tragicis
882 402 941 427 res
959 390 1101 429 comica
1117 405 1194 430 non
1211 392 1318 440 vult3

362 438 592 490 Indignatur
608 440 703 478 item
720 441 877 491 privatis
896 455 938 480 30
954 455 1070 493 prope
1088 457 1195 482 socco

361 491 501 542 Dignis
519 493 745 531 omninibus
762 494 905 532 narrari
923 508 1037 533 coena
1054 496 1254 548 Thyestae.

362 544 520 595 Singula
537 559 703 597 quaeque
720 547 846 584 locum
862 549 1018 586 teneant
1037 550 1172 588 sortita
1189 551 1374 589 decenter.

361 597 563 636 Interdum
580 601 711 637 tamen
729 601 768 638 et
786 613 917 638 vocem
934 602 1125 640 comoedia
1141 603 1258 651 tollit,

360 650 561 702 Iratusque
580 651 758 690 Chremes
775 653 924 691 tumido
943 653 1117 705 delitigat
1136 669 1221 704 ore3

359 703 415 741 Et
432 704 599 755 tragicus
617 705 835 756 plerumque
853 706 955 744 dolet
972 720 1141 747 sermone
1158 710 1322 760 pedestri

360 756 547 807 Telephus
565 760 604 796 et
624 757 770 806 Peleus,
788 773 875 797 cum
892 773 1031 810 pauper
1049 763 1088 798 et
1107 763 1211 800 exsul
1230 766 1386 815 uterque

358 809 516 861 Projicit
534 811 715 861 ampullas
733 814 771 849 et
790 812 1057 863 sesquipedalia
1072 815 1195 862 verba,

358 862 399 899 Si
416 865 523 901 curat
541 877 604 902 cor
621 865 825 914 spectantis
842 865 1014 916 tetigisse
1032 867 1191 917 querela.

409 916 501 954 Non
519 917 610 954 satis
629 920 687 964 est
704 918 862 968 Dldsshffl
878 932 957 966 esse
974 922 1151 969 poemata
1163 937 1171 981 ᾗ
1199 921 1323 961 dulcia
1340 928 1454 963 sunto

394 971 413 1006 t
433 982 654 1021 quocunque
671 970 801 1009 volent
820 971 988 1009 animum
1006 986 1055 1010 au
1113 987 1187 1011 oris
1205 978 1361 1025 agunto.

356 1021 415 1059 Ut
433 1022 641 1061 ridentibus
660 1023 836 1072 arrident,
856 1024 912 1062 ita
927 1025 1105 1063 flentibus
1123 1026 1261 1066 adsunt

356 1074 530 1113 Humani
547 1076 696 1114 vultus:
725 1077 757 1114 si
774 1077 830 1114 vis
849 1091 909 1115 me
927 1078 1024 1125 flere,
1044 1078 1246 1118 dolendum
1264 1084 1322 1119 est

356 1127 529 1165 Primum
546 1129 618 1179 ipsi
634 1129 707 1167 tibi
721 1146 729 1176 ;
755 1132 848 1167 tunc
866 1132 935 1168 tua
951 1144 1012 1169 me
1029 1131 1235 1171 infortunia
1247 1133 1407 1183 laedent,

358 1180 522 1231 Telephe
540 1183 600 1220 vel
618 1182 754 1220 Peleu:
782 1183 878 1220 male
897 1183 929 1221 si
945 1184 1123 1222 mandata
1139 1185 1311 1236 loqueris,

355 1234 438 1271 Aut
457 1234 669 1273 dormitabo
688 1238 755 1273 aut
772 1236 911 1274 ridebo.
967 1237 1108 1275 Tristia
1125 1239 1311 1277 maestum

353 1286 517 1324 Vultum
534 1288 647 1325 verba
664 1288 809 1335 decent,
827 1288 967 1326 iratum
984 1289 1094 1339 plena
1111 1291 1308 1340 minarum,

353 1338 567 1378 Ludentem
583 1341 731 1387 lasciva,
749 1354 919 1379 severum
937 1342 1031 1380 seria
1048 1343 1163 1381 dictu.
1223 1352 1233 1364 ἢ

353 1391 511 1430 Format
530 1394 630 1431 enim
647 1396 784 1432 natura
799 1394 902 1444 prius
920 1408 989 1433 nos
1007 1396 1111 1433 intus
1130 1396 1178 1434 ad
1196 1410 1347 1435 omnem

352 1444 609 1483 Fortunarum
626 1446 823 1494 habitum;
844 1447 955 1498 juvat
974 1450 1041 1485 aut
1058 1448 1220 1499 impellit
1238 1450 1286 1487 ad
1301 1450 1397 1489 iram

350 1498 433 1535 Aut
451 1499 498 1536 ad
516 1499 675 1537 humum
692 1513 857 1538 maerore
876 1500 982 1551 gravi
1000 1501 1151 1539 deducit
1168 1504 1208 1540 et
1226 1503 1333 1554 angit
1348 1520 1357 1550 ;

352 1550 447 1588 Post
465 1552 572 1590 effert
591 1552 706 1590 animi
723 1555 850 1590 motus
867 1553 1072 1604 interprete
1089 1554 1229 1605 lingua.

351 1604 392 1640 Si
410 1604 567 1642 dicentis
587 1608 698 1643 erunt
716 1605 878 1644 fortunis
897 1607 1036 1644 absona
1055 1606 1167 1654 dicta,

350 1656 515 1695 Romani
532 1658 670 1696 tollent
689 1659 832 1709 equites
852 1659 1068 1709 peditesque
1088 1660 1324 1699 cachinnum.

404 1709 584 1748 Intererit
602 1711 767 1749 multum
786 1712 943 1750 djvusne
961 1712 1138 1762 loquatur
1157 1727 1205 1751 an
1222 1714 1342 1761 heros,

353 1763 580 1801 Maturusne
598 1777 709 1802 senex
727 1778 775 1802 an
794 1765 915 1802 adhuc
932 1765 1089 1803 florente
1102 1766 1262 1816 juventa

350 1815 545 1863 Fervidus,
564 1819 603 1855 et
621 1819 795 1855 matrona
811 1819 944 1868 potens
964 1831 1012 1855 an
1030 1818 1157 1856 sedula
1173 1819 1314 1867 nutrix,

350 1868 589 1907 Mercatorne
606 1883 724 1920 vagus
743 1870 913 1908 cultorne
930 1871 1086 1908 virentis
1105 1872 1227 1922 agelli,

349 1920 512 1959 Colchus
531 1935 579 1960 an
597 1923 786 1973 Assyrius,
806 1923 945 1961 Thebis
963 1923 1131 1962 nutritus
1149 1937 1198 1962 an
1215 1925 1341 1976 Argis.

400 1974 482 2012 Aut
500 1975 640 2013 famam
658 1989 808 2026 sequere
827 1978 894 2014 aut
912 1976 984 2014 sibi
1001 1977 1263 2015 convenientia
1279 1978 1392 2029 finge.

349 2026 517 2077 Scriptor
534 2028 763 2066 honoratum
781 2029 812 2066 si
829 2029 927 2067 forte
944 2029 1092 2079 reponis
1112 2030 1315 2078 Achillem,

348 2079 527 2130 Impiger,
545 2080 756 2127 iracundus,
773 2081 1020 2128 inexorabilis,
1039 2095 1121 2120 acer

347 2132 375 2169 J
376 2146 445 2170 ura
461 2135 575 2183 neget
594 2134 665 2171 sibi
681 2136 782 2180 nata,
800 2134 897 2172 nihil
913 2148 990 2172 non
1008 2137 1157 2185 arroget
1176 2136 1300 2174 armis.

348 2185 407 2223 Sit
426 2185 563 2223 Medea
579 2186 682 2224 ferox
698 2187 923 2237 invictaque,
941 2187 1074 2225 flebilis
1093 2187 1176 2235 Ino,

347 2238 518 2276 Perfidus
538 2239 659 2285 Ixion,
680 2239 724 2276 Io
742 2253 850 2290 vaga,
868 2240 990 2278 tristis
1009 2240 1171 2278 Orestes.

347 2291 387 2327 Si
406 2291 496 2340 quid
512 2292 749 2342 inexpertum
768 2306 897 2330 scenae
915 2293 1122 2330 committis
1141 2295 1181 2331 et
1200 2294 1312 2332 audes

348 2344 554 2381 Personam
572 2344 730 2382 formare
748 2359 898 2391 novam,
917 2347 1085 2383 servetur
1103 2346 1151 2383 ad
1167 2346 1300 2393 imum,

347 2397 474 2442 Qualis
489 2397 535 2434 ab
554 2397 704 2447 incepto
722 2398 953 2447 processerit,
973 2400 1012 2436 et
1031 2398 1102 2436 sibi
1120 2401 1279 2436 constet.

347 2449 510 2487 Difficile
529 2452 586 2487 est
604 2450 752 2500 proprie
771 2451 984 2488 communia
1001 2451 1143 2498 dicere3
1170 2454 1287 2502 tuque

348 2501 505 2539 Rectius
525 2502 685 2540 Iliacum
703 2516 852 2541 carmen
872 2503 1021 2541 deducis
1039 2503 1080 2540 in
1098 2505 1214 2550 actus,

346 2555 468 2600 Quam
486 2555 518 2592 si
535 2556 715 2605 proferres
735 2556 868 2606 ignota
884 2556 1099 2606 indictaque
1116 2557 1270 2607 primus.

346 2607 504 2645 Publica
521 2608 694 2646 materies
713 2609 852 2659 privati
864 2608 959 2660 juris
979 2609 1061 2656 erit,
1081 2609 1113 2647 si
