1670 2736
230 110 308 147 316
598 146 601 147 ⁷
773 103 951 149 Hommn

284 214 432 253 Ludere
450 214 516 266 qui
533 215 666 262 nescit,
684 215 954 266 campestribus
973 215 1138 254 abstinet
1156 216 1280 264 armis,

286 267 544 319 Indoctusque
561 268 659 319 pilae
677 268 816 307 discive
832 268 1004 307 trochive
1022 268 1192 319 quiescit,

286 321 349 359 Ne
368 320 506 371 spissae
523 321 642 359 risum
659 321 827 359 tollant
816 334 970 372 impune
989 334 1166 359 coronae:

287 373 361 420 Qui
378 374 499 412 nescit
517 387 646 412 versus
663 376 794 412 tamen
812 375 925 412 audet
943 374 1096 425 fingere.
1151 374 1324 421 Quidni?

289 426 404 465 Liber
422 427 488 465 et
478 440 676 477 ingenuus,
693 427 914 478 praesertim
932 441 1063 465 census
1081 429 1293 489 equestrem

288 480 484 517 Summam
500 493 742 518 nummorum
758 480 926 530 vitioque
942 481 1110 518 remotus
1129 480 1175 518 ab
1193 481 1308 518 omni.

286 532 347 569 Tu
364 532 462 570 nihil
478 532 600 570 invita
617 533 716 571 dices
733 532 892 571 faciesve
910 533 1106 571 Minerva·
1098 563 1107 579 ‚

287 585 337 622 Id
354 585 428 623 tibi
439 585 625 636 judicium
643 587 712 633 est,
731 599 774 624 ea
790 599 908 624 mens.
963 585 1004 623 Si
1022 585 1113 636 quid
1129 587 1259 624 tamen
1276 586 1368 624 olim

289 638 499 688 Scripseris,
516 638 558 676 in
577 638 702 677 Maeci
719 639 920 677 descendat
932 638 1071 690 judicis
1089 652 1196 676 aures

288 691 344 729 Et
360 691 479 742 patris
498 693 537 729 et
554 693 714 739 nostras,
732 705 947 742 nonumque
964 693 1158 742 prematur
1174 691 1215 729 in
1231 705 1384 739 annum,

288 744 523 782 Membranis
540 744 644 782 intus
662 744 816 795 positis:
846 745 967 783 delere
985 744 1125 791 licebit,

289 797 400 844 Quod
417 810 495 835 non
513 797 673 835 edideris
688 813 697 844 3
723 797 844 835 nescit
862 811 936 836 vox
954 797 1069 835 missa
1085 797 1234 835 reverti.

342 850 540 888 Silvestres
558 850 729 888 homines
747 864 849 888 sacer
866 850 1125 900 interpresque
1143 850 1299 888 deorum

290 902 474 941 Caedibus
493 905 533 941 et
549 903 656 941 victu
672 904 781 942 foedo
800 903 983 941 deterruit
1002 903 1187 953 Orpheus,

289 956 427 994 Dictus
446 957 493 994 ob
511 956 584 994 hoc
601 956 717 994 lenire
734 957 853 1007 tigres
870 956 1092 1006 rabidosque
1109 955 1234 994 leones
1248 972 1257 1002 ;

290 1009 428 1047 Dictus
447 1012 486 1047 et
504 1009 710 1060 Amphion,
729 1009 929 1047 Thebanae
948 1008 1120 1047 conditor
1138 1008 1243 1055 arcis,

290 1062 388 1100 Saxa
404 1075 553 1100 movere
571 1076 662 1100 sono
680 1062 884 1100 testudinis
902 1063 942 1100 et
958 1074 1067 1112 prece
1084 1061 1223 1099 blanda

290 1115 439 1153 Ducere
457 1129 531 1166 quo
548 1115 675 1153 vellet.
731 1115 824 1153 Fuit
841 1115 933 1153 haec
951 1114 1134 1165 sapientia
1151 1114 1351 1165 quondam,

291 1168 448 1206 Publica
464 1168 621 1218 privatis
639 1181 838 1215 secernere,
857 1181 960 1206 sacra
976 1167 1152 1218 profanis,

290 1220 506 1259 Concubitu
522 1221 718 1271 prohibere
735 1234 844 1271 vago,
863 1221 950 1258 dare
962 1220 1050 1271 jura
1066 1219 1223 1266 maritis,

291 1274 438 1324 Oppida
455 1274 589 1321 moliri,
607 1274 709 1324 leges
726 1274 888 1311 incidere
904 1274 1008 1323 ligno
1023 1289 1031 1311 :

290 1326 351 1364 Sic
369 1326 490 1364 honor
507 1329 546 1364 et
564 1340 702 1365 nomen
719 1326 855 1364 divinis
871 1326 1022 1364 vatibus
1040 1327 1157 1375 atque

290 1379 527 1417 Carminibus
546 1379 662 1417 venit.
717 1379 811 1417 Post
828 1379 897 1417 hos
915 1378 1073 1429 insignis
1092 1378 1283 1415 Homerus

290 1432 549 1482 Tyrtaeusque
566 1446 687 1470 mares
704 1432 847 1470 animos
864 1432 905 1469 in
923 1431 1067 1469 Martia
1082 1431 1182 1468 bella

290 1485 468 1523 Versibus
487 1485 657 1532 exacuit3
684 1484 806 1523 dictae
823 1498 890 1535 per
907 1484 1072 1522 carmina
1090 1485 1221 1529 sortes,

291 1538 347 1575 Et
364 1538 465 1576 vitae
483 1540 696 1576 monstrata
713 1538 775 1575 via
792 1540 850 1575 est
864 1554 873 1584 ;
900 1539 939 1575 et
957 1537 1081 1588 gratia
1097 1548 1231 1587 regum

291 1590 424 1628 Pieriis
443 1593 594 1629 tentata
610 1591 743 1637 modis,
760 1590 944 1641 ludusque
961 1591 1131 1640 repertus

290 1644 346 1681 Et
364 1643 565 1694 longorum
583 1657 738 1694 operum
756 1643 863 1681 finis:
891 1656 939 1681 ne
955 1643 1054 1681 forte
1071 1642 1206 1693 pudori

291 1697 350 1734 Sit
367 1697 440 1734 tibi
458 1697 573 1734 Musa
590 1697 693 1747 lyrae
711 1696 824 1734 solers
843 1698 882 1734 et
901 1698 1032 1734 cantor
1049 1695 1198 1746 Apollo.

345 1750 496 1787 Natura
513 1750 620 1787 fieret
637 1749 822 1787 laudabile
841 1762 1001 1795 carmen,
1020 1761 1068 1786 an
1086 1750 1178 1794 arte,

290 1802 512 1849 Quaesitum
529 1804 608 1840 est:
637 1816 706 1853 ego
723 1815 792 1840 nec
811 1802 980 1840 studium
997 1801 1076 1838 sine
1094 1800 1212 1838 divite
1228 1813 1333 1846 vena,

291 1855 374 1893 Nec
391 1855 483 1893 rude
502 1855 593 1906 quid
609 1855 729 1906 possit
746 1855 855 1893 video
871 1854 1090 1905 ingenium3
1118 1853 1271 1891 alterius
1290 1853 1342 1890 sic

292 1908 426 1946 Altera
441 1908 564 1958 poscit
582 1921 691 1958 opem
708 1921 766 1946 res
785 1910 824 1946 et
842 1908 1014 1958 conjurat
1031 1906 1160 1944 amice.

292 1961 366 2007 Qui
385 1961 513 1998 studet
532 1963 703 2011 optatam
721 1974 832 1998 cursu
849 1960 1067 2010 contingere
1084 1961 1238 2005 metam,

293 2013 423 2051 Multa
439 2014 532 2051 tulit
550 2014 713 2064 fecitque
729 2027 833 2074 puer,
852 2013 1003 2051 sudavit
1021 2014 1060 2050 et
1079 2011 1177 2058 alsit,

291 2066 491 2104 Abstinuit
509 2066 654 2104 Venere
673 2068 712 2104 et
729 2066 845 2113 vin03
873 2066 938 2116 qui
956 2065 1100 2116 Pythia
1118 2065 1247 2102 cantat

291 2119 458 2166 Tibicen,
477 2119 608 2157 didicit
625 2119 728 2169 prius
747 2119 996 2179 extimuitque
1013 2117 1250 2168 magistrum.

291 2172 374 2210 Nec
393 2149 484 2210 satis
503 2174 561 2210 est
579 2172 734 2210 dixisse:
764 2172 852 2222 Ego
870 2171 966 2209 mira
981 2172 1160 2221 poemata
1175 2183 1324 2220 pango3

292 2225 460 2275 Occupet
478 2226 689 2263 extremum
707 2225 869 2271 scabies;
895 2224 991 2261 mihi
1007 2225 1119 2273 turpe
1131 2222 1292 2272 relinqui
1310 2235 1349 2259 es
1332 2223 1368 2259 613

292 2278 359 2324 Et,
377 2278 478 2328 quod
494 2291 571 2315 non
589 2277 712 2324 didici,
731 2290 819 2315 sane
837 2276 977 2315 nescire
994 2276 1116 2314 fateri.

291 2330 350 2368 Ut
368 2343 512 2380 praeco,
531 2330 578 2368 ad
595 2343 735 2368 merces
753 2330 906 2367 turbam
923 2329 988 2389 qui
1006 2329 1108 2379 cogit
1127 2327 1312 2374 emendas,

291 2383 555 2421 Assentatores
568 2383 679 2434 jubet
697 2383 745 2420 ad
760 2382 934 2420 luorum·
924 2395 978 2420 ire
994 2383 1110 2432 poeta

292 2436 410 2473 Dives
428 2436 539 2486 agris,
558 2436 660 2473 dives
677 2435 837 2486 positis
826 2449 867 2473 m
884 2435 1010 2473 fenore
1027 2433 1204 2471 nummis.

293 2488 333 2525 Si
351 2501 439 2526 vero
458 2490 527 2535 est,
545 2491 705 2526 unctum
724 2488 788 2538 qui
805 2490 906 2526 recte
923 2500 1060 2538 ponere
1076 2486 1196 2537 possit

292 2541 348 2578 Et
366 2541 546 2591 spondere
563 2541 638 2579 levi
654 2554 722 2591 pro
740 2554 900 2591 paupere
918 2542 958 2578 et
976 2539 1114 2589 eripere
1133 2538 1224 2576 atris

293 2593 445 2631 Litibus
462 2594 701 2644 implicitum,
718 2594 892 2640 mirabor,
911 2593 943 2630 si
961 2592 1053 2630 sciet
1070 2592 1185 2629 inter-
