1670 2736
0 0 266 46 W&
279 0 282 2 ’

13 107 15 110 “
663 110 742 139 Ans
759 95 948 138 formos.
1367 95 1446 135 317

226 209 396 249 Noscere
412 207 634 248 mendacem
650 218 857 257 verumque
874 204 1009 244 beatus
1027 203 1203 243 amicum.

227 263 290 302 Tu
305 275 373 302 seu
389 261 540 301 donaris
558 274 625 300 seu
643 260 735 312 quid
752 260 892 298 donare
908 258 1012 297 voles
1030 257 1102 305 cui,

227 316 364 356 Nolito
382 316 431 355 ad
446 329 577 354 versus
594 314 669 353 tibi
684 314 806 352 factos
824 312 959 351 ducere
975 311 1133 362 plenum

227 369 438 418 Laetitiam
465 368 645 408 clamabit
663 367 765 406 enim
782 365 969 404 Pulchre!
996 365 1112 403 bene!
1140 366 1242 403 recte
1258 365 1266 402 !

229 423 417 462 Pallescet
434 435 548 474 super
563 421 637 468 his,
655 421 773 459 etiam
791 419 952 458 stillabit
970 418 1100 457 amicis

227 477 291 515 Ex
307 476 426 515 oculis
443 489 579 522 rorem,
597 474 718 522 saliet,
735 473 875 512 ttmdet
893 472 987 523 pede
1003 473 1158 510 terram.

212 530 300 578 Ut,
318 528 582 582 qui'conducti
598 528 750 579 plorant
768 527 810 565 in
827 526 968 573 funere,
987 525 1120 563 dicunt

228 584 285 622 Et
302 583 448 622 faciunt
465 595 581 634 prope
598 581 707 633 plura
724 579 939 619 dolentibus
958 592 1004 617 ex
1021 579 1159 626 animo,
1178 578 1230 616 sic

227 637 385 676 Derisor
402 650 491 675 vero
508 635 595 687 plus
611 634 808 673 laudatore
824 635 1012 671 movetur.

227 690 356 742 Reges
374 689 555 728 dicuntur
571 688 705 726 multis
723 700 858 739 urgere
877 685 1027 725 culullis

228 744 286 783 Et
302 746 479 795 torquere
495 756 612 789 mero,
631 755 745 793 quem
760 739 991 792 perspexisse
1009 739 1198 786 laborant,

228 798 294 836 An
312 797 364 836 sit
381 796 549 836 amicitia
566 796 726 847 diguus:
754 794 788 833 si
805 793 972 832 carmina
990 792 1139 839 condes,

228 851 440 902 Nunquam
457 852 498 889 te
514 849 651 888 fallant
669 848 787 887 animi
804 847 874 886 sub
891 847 1004 898 vulpe
1021 846 1197 884 latentes.

229 904 416 952 Quintilio
434 903 467 942 si
484 903 577 955 quid
592 902 780 948 recitareS,
801 900 957 952 Corrige
975 899 1082 938 sodes

230 958 331 1005 Hoc,
349 957 485 1004 aiebat,
504 958 544 996 et
561 957 657 1004 hoc;
684 955 818 994 melius
835 956 876 992 te
893 967 1002 1005 posse
1020 966 1188 1004 negareS‚

230 1011 299 1050 Bis
316 1013 450 1063 terque
468 1012 667 1062 expertum
684 1009 836 1055 frustra,
856 1007 977 1046 delere
990 1007 1151 1059 jubebat

229 1065 286 1104 Et
303 1064 402 1104 male
418 1065 593 1103 tornatos
610 1062 740 1101 incudi
757 1061 912 1100 reddere
929 1074 1072 1099 versus.

230 1118 272 1157 Si
288 1117 486 1157 defendere
504 1116 687 1156 delictum
705 1129 819 1167 quam
837 1117 984 1153 vertere
1002 1113 1146 1160 malles,

229 1171 394 1210 Nullum
406 1171 511 1209 ultra
526 1171 686 1209 verbum
703 1171 771 1208 aut
790 1181 942 1220 operam
960 1167 1175 1206 insumebat
1193 1166 1356 1214 inanem,

230 1225 333 1273 Quin
350 1225 430 1264 sine
447 1224 558 1262 rivali
574 1226 689 1275 teque
706 1225 746 1261 et
764 1225 834 1261 tua
851 1221 953 1260 solus
972 1234 1128 1259 amares.

228 1278 300 1316 Vir
316 1278 438 1318 bonus
457 1282 497 1316 et
514 1277 679 1329 prudens
697 1289 827 1315 versus
845 1275 1096 1327 reprehendet
1114 1274 1267 1321 inertes,

229 1331 411 1384 Oulpabit
429 1331 554 1378 duros,
571 1329 775 1381 incomptis
794 1329 925 1368 allinet
944 1330 1072 1367 atrum

229 1385 460 1424 Transverso
477 1385 620 1423 calamo
638 1384 803 1434 signum,
822 1382 1024 1421 ambitiosa
1040 1381 1183 1420 recidet

229 1439 476 1485 ornamenta,
494 1451 629 1489 parum
647 1437 757 1476 claris
775 1437 899 1475 lucem
917 1436 1004 1474 dare
1023 1437 1147 1486 coget,

229 1493 381 1544 Arguet
399 1492 575 1543 ambigue
594 1491 752 1537 dictum,
771 1489 957 1528 mutanda
973 1489 1137 1535 notabit,

231 1545 320 1584 Fiet
338 1546 583 1583 Aristarchus
600 1561 608 1591 ;
635 1558 714 1582 non
732 1544 854 1582 dicet:
885 1542 962 1580 Cur
980 1556 1051 1594 ego
1070 1542 1235 1580 amicum

231 1598 432 1638 Offendam
448 1599 490 1636 in
506 1598 619 1649 nugis
633 1597 652 1636 Ρ
706 1597 794 1635 Hae
811 1610 935 1647 nugae
954 1596 1050 1634 seria
1067 1596 1207 1634 ducent

231 1652 281 1690 In
298 1652 400 1690 mala
416 1651 581 1690 derisum
599 1650 715 1689 semel
733 1652 1006 1701 exceptumque
1024 1649 1187 1687 sinistre.

231 1705 289 1744 Ut
307 1706 407 1744 mala
424 1719 537 1756 quem
554 1704 695 1743 scabies
713 1706 781 1742 aut
798 1703 952 1742 morbus
970 1703 1095 1754 regius
1114 1704 1227 1753 urget

231 1760 314 1797 Aut
332 1759 518 1797 fanaticus
537 1771 639 1797 error
657 1759 697 1796 et
715 1757 894 1796 iracunda
911 1756 1048 1803 Diana,

229 1812 422 1851 Vesanum
439 1812 612 1863 tetigisse
629 1811 770 1850 timent
787 1811 1016 1862 fugiuntque
1033 1812 1200 1861 poetam,

229 1866 306 1914 Qui
324 1866 499 1917 sapiunt;
526 1866 676 1917 agitant
694 1865 801 1916 pueri
818 1863 1036 1914 incautique
1055 1865 1275 1914 sequuntur.

231 1919 322 1967 Hic,
342 1920 434 1957 dum
452 1919 623 1958 sublimis
641 1932 771 1957 versus
790 1920 965 1956 ructatur
983 1919 1022 1956 et
1041 1919 1153 1964 errat,

231 1973 272 2011 Si
289 1973 410 2011 veluti
427 1973 581 2012 merulis
599 1973 772 2010 intentus
791 1971 931 2010 decidit
950 1984 1084 2022 auceps

232 2026 283 2064 In
299 2028 460 2078 puteum
477 2026 682 2073 foveamve,
701 2026 803 2072 licet,
823 2024 1050 2072 succurrite,
1069 2024 1229 2075 longum

230 2079 391 2127 Clamet,
410 2079 456 2118 Io
475 2080 596 2118 cives!
623 2093 702 2117 non
720 2079 783 2126 sit,
803 2079 868 2130 qui
885 2078 1020 2116 tollere
1039 2080 1157 2116 curet.
1202 2077 1214 2085 ”

233 2133 274 2170 Si
291 2135 398 2172 curet
417 2133 500 2184 quis
519 2146 630 2184 opem
648 2133 743 2171 ferre
762 2135 801 2171 et
820 2132 1020 2171 demittere
1038 2131 1180 2178 funem,

232 2187 307 2234 Qui
325 2186 408 2234 scis,
427 2200 476 2225 an
493 2187 656 2238 prudens
674 2186 749 2224 huc
768 2200 807 2224 se
824 2185 1022 2237 projecerit
1040 2187 1155 2236 atque

232 2240 380 2278 Servari
396 2239 526 2279 nolit?
581 2240 718 2278 Dicam
732 2239 921 2290 Siculique
938 2240 1075 2289 poetae

232 2293 407 2332 Narrabo
425 2293 636 2331 interitum.
692 2293 798 2332 Deus
816 2292 1043 2330 immortalis
1061 2291 1192 2330 haberi

234 2346 341 2384 Dum
358 2346 464 2398 cupit
483 2346 743 2397 Empedocles,
762 2346 959 2384 ardentem
977 2345 1137 2396 frigidus
1156 2346 1324 2383 Aetnam

234 2399 402 2438 Insiluit.
458 2399 517 2437 Sit
529 2400 593 2451 jus
611 2400 797 2451 liceatque
814 2399 934 2450 perire
952 2399 1077 2450 poetis
1092 2415 1100 2445 ;

234 2452 411 2491 Invitum
429 2453 494 2504 qui
512 2455 648 2499 servat,
667 2453 768 2491 idem
785 2452 878 2490 facit
896 2452 1094 2490 occidenti.

233 2506 317 2544 Nec
336 2506 451 2544 semel
469 2506 541 2544 hoc
559 2506 661 2553 fecit,
680 2519 760 2553 nec,
780 2506 812 2543 si
829 2507 1016 2544 retractus
1036 2506 1120 2551 erit,
1134 2504 1216 2555 jam

235 2559 324 2598 Fiet
342 2560 457 2598 homo
476 2562 515 2598 et
533 2562 649 2610 ponet
667 2560 831 2598 famosae
850 2559 985 2597 mortis
1005 2572 1183 2596 amorem.

234 2613 318 2652 Nec
337 2613 431 2652 satis
451 2616 616 2665 apparet,
635 2627 702 2651 cur
720 2627 849 2652 versus
868 2612 1032 2660 factitet,
1051 2615 1183 2650 utrum
