1670 2736
351 147 353 149 v
655 131 733 158 Ans
752 129 941 158 POETIGA.

225 230 360 282 Digna
423 228 459 267 ri
474 240 624 280 promes
640 227 683 265 in
699 239 851 265 scenam
867 225 1065 276 multaque
1082 225 1195 264 tolles

225 283 289 322 Ex
307 297 352 322 oc
395 282 404 291 “
427 313 438 331 ,
456 294 552 334 quac
568 294 659 320 mox
675 281 804 319 narret
822 279 999 318 facundia
1016 292 1203 330 praesens.

225 337 290 376 Ne
307 349 443 389 pueros
461 347 588 375 coram
605 334 744 386 populo
763 333 902 372 Medea
918 332 1098 380 trucidet,

226 391 310 429 Aut
327 390 496 428 humana
511 387 639 440 palam
656 389 794 438 coquat
813 388 902 425 exta
918 386 1082 425 nefarius
1101 386 1255 432 Atreus,

226 445 310 483 Aut
327 443 370 482 in
386 456 496 482 avem
513 442 660 480 Pmcne
677 442 861 487 vertatur,
881 439 1046 478 Cadmus
1063 439 1104 478 in
1122 452 1297 491 anguem.

228 497 488 548 Quodcunque
505 494 674 534 ostendis
691 494 788 532 mihi
806 493 871 541 sic,
889 493 1105 532 incredulus
1123 493 1198 532 odi.

278 551 388 590 Neve
404 550 529 588 minor
545 562 622 587 neu
639 548 691 586 sit
709 547 844 599 quinto
860 547 1080 598 productior
1097 549 1187 585 actu

226 604 384 651 Fabula,
403 616 498 655 quae
514 602 619 654 posci
635 601 722 640 vult
740 603 780 640 et
798 602 970 652 spectata
985 600 1138 652 reponi3

228 657 314 696 Nec
331 657 424 696 deus
440 656 605 703 intersit,
623 655 698 693 nisi
716 654 854 706 dignus
871 654 1021 693 vindice
1038 654 1159 692 nodus

227 711 436 758 Inciderit3
461 723 532 749 nec
550 713 686 761 quarta
702 708 807 759 loqui
823 721 984 759 persona
1000 707 1158 746 laboret.

278 764 433 803 Actoris
449 765 577 815 partes
595 763 732 803 chorus
750 761 988 812 officiumque
1005 761 1113 800 virile

227 818 431 865 Defendet,
448 830 525 856 neu
541 816 635 868 quid
650 815 793 854 medios
811 815 1016 853 intercinat
1035 818 1154 853 actus.

227 872 340 920 Quod
356 885 435 910 non
450 870 645 922 proposito
663 869 850 908 conducat
868 870 908 907 et
926 869 1080 907 haereat
1098 870 1197 919 apte.

227 925 302 964 Ille
318 925 428 964 bonis
445 924 644 975 faveatque
662 924 702 961 et
721 922 941 961 consilietur
958 922 1088 969 amice,

227 979 284 1017 Et
300 980 411 1030 regat
426 978 544 1016 iratos
563 979 603 1016 et
621 978 723 1015 amet
741 989 873 1027 pacare
890 977 1084 1014 tumentes
1098 992 1107 1023 3

228 1031 301 1071 Ille
318 1032 431 1084 dapes
449 1030 580 1070 laudet
597 1043 748 1069 mensae
765 1029 902 1076 brevis,
919 1029 983 1068 ille
1002 1029 1191 1068 salubrem

228 1085 258 1123 J
258 1085 432 1124 ustitiam
448 1085 625 1137 legesque
643 1085 683 1123 et
701 1083 841 1135 apertis
860 1083 940 1122 otia
955 1083 1099 1134 portis;

229 1139 304 1178 Ille
319 1140 430 1190 tegat
448 1137 648 1177 commissa
665 1137 827 1188 deosque
844 1139 1018 1188 precetur
1036 1139 1076 1175 et
1095 1138 1188 1182 oret,

228 1192 288 1231 Ut
304 1192 434 1232 redeat
450 1191 608 1240 miseris,
626 1191 738 1230 abeat
754 1191 909 1230 fortuna
926 1190 1106 1241 superbis.

283 2135 394 2174 Tibia
409 2148 498 2181 non,
517 2136 562 2173 ut
580 2147 693 2181 nune,
712 2133 899 2173 orichalco
916 2133 1047 2171 vincta
1063 2133 1252 2186 tubaeque

229 2188 404 2236 Aemula,
421 2188 488 2227 sed
505 2187 631 2226 tenuis
650 2187 881 2239 simplexque
899 2187 1081 2226 foramine
1099 2201 1218 2238 pauco

229 2242 432 2293 Adspirate
450 2243 490 2280 et
508 2241 635 2280 adesse
653 2241 777 2280 choris
795 2243 877 2280 erat
894 2240 1001 2279 utilis
1020 2242 1134 2292 atque

229 2295 415 2334 Nondum
433 2295 552 2346 spissa
567 2294 681 2333 nimis
700 2294 885 2346 complere
904 2294 1034 2333 sedilia
1050 2294 1167 2341 fiatu3

229 2349 314 2396 Quo
332 2361 420 2387 sane
437 2348 598 2399 populus
615 2348 857 2386 numerabilis
875 2350 1011 2399 utpote
1028 2361 1166 2398 parvus

230 2402 286 2440 Et
303 2401 405 2453 frugi
423 2403 622 2452 castusque
639 2401 944 2452 verecundusque
963 2401 1100 2439 co'ibat.

229 2455 440 2506 Postquam
458 2454 581 2505 coepit
600 2468 709 2505 agros
727 2455 927 2493 extendere
945 2454 1069 2493 victor
1087 2457 1126 2493 et
1145 2455 1255 2492 urbes

229 2508 362 2547 Latior
379 2507 557 2559 amplecti
574 2521 705 2546 murus
722 2508 885 2559 vinoque
903 2507 1038 2546 diurno

229 2561 376 2600 Placari
394 2561 538 2600 Genius
555 2561 662 2600 festis
679 2561 833 2613 impune
851 2560 993 2608 diebus,

228 2614 400 2654 Accessit
418 2615 657 2666 numerisque
674 2615 870 2666 modisque
887 2614 1042 2653 licentia
1059 2614 1199 2665 major3

1363 120 1441 157 311
