1670 2736
249 120 326 156 222
692 129 870 157 nomm
889 128 1072 156 0111111111.

303 224 362 262 Ut
379 226 540 262 noceant
557 223 714 270 homini,
738 223 866 262 credas
883 236 1027 262 memor
1044 223 1146 261 illius
1163 237 1279 271 escae,

303 277 408 324 Quae
427 277 586 327 simplex
604 277 696 315 olim
713 276 786 315 tibi
804 276 964 323 sederit3
991 278 1031 314 at
1049 276 1162 314 simul
1180 277 1271 315 assis

303 330 503 368 Miscueris
522 330 630 377 elixa,
649 330 762 367 simul
779 329 977 380 conchylia
994 329 1128 375 turdis,

303 383 442 421 Dulcia
459 396 498 421 se
516 383 557 420 in
573 383 688 421 bilem
705 384 857 420 vertent
875 382 1143 432 stomachoque
1159 382 1374 420 tumultum

303 436 429 473 Lenta
445 436 541 474 feret
558 435 709 486 pituita.
763 435 890 480 Vides,
908 437 953 472 ut
970 434 1132 485 pallidus
1151 435 1274 473 omnis

305 488 431 526 Coena
448 489 626 539 desurgat
644 487 787 526 dubia?
816 487 916 534 Quin
934 501 1067 537 corpus
1085 490 1265 525 onustum

304 541 506 580 Hesternis
523 541 627 579 vitiis
646 541 813 578 animum
832 553 978 590 quoque
994 543 1217 591 praegravat
1234 554 1310 579 una

303 596 431 644 Atque
450 594 570 645 affigit
587 594 705 631 humo
723 593 870 631 divinae
887 593 1114 643 particulam
1132 606 1252 631 aurae.

304 647 426 693 Alter,
445 647 511 685 ubi
529 647 630 685 dicto
649 646 760 684 citius
779 648 909 684 curata
926 646 1050 696 sopori

306 700 482 738 Membra
499 699 614 747 dedit,
632 701 789 750 vegetus
806 699 1035 749 praescripta
1052 699 1100 736 ad
1117 699 1247 736 munia
1263 698 1398 749 surgit.

304 753 382 790 Hic
399 755 529 791 tamen
547 753 595 790 ad
611 753 743 791 melius
761 752 902 802 poterit
919 754 1171 789 transcurrere
1189 751 1389 802 quondam,

304 806 391 844 Sive
409 806 509 844 diem
525 806 666 844 festum
683 805 828 843 rediens
846 804 1036 842 advexerit
1054 818 1185 851 annus,

306 859 380 897 Seu
397 872 562 897 recreare
579 858 682 896 volet
699 859 901 896 tenuatum
919 870 1063 907 corpus,
1081 857 1220 908 ubique

305 912 498 949 Accedent
517 911 606 949 anni
623 913 662 949 et
679 910 836 948 tractari
853 910 1003 948 mollius
1022 911 1124 948 aetas

306 965 501 1002 Imbecilla
517 964 642 1011 volet3
668 963 741 1002 tibi
759 963 938 1014 quidnam
955 963 1105 1000 accedet
1123 962 1171 1000 ad
1187 962 1312 1000 istam.

306 1018 430 1064 Quam
447 1031 539 1067 puer
558 1019 597 1055 et
614 1016 760 1054 validus
778 1015 994 1067 praesumis,
1012 1015 1222 1061 mollitiem,
1241 1029 1307 1053 seu

306 1071 415 1107 Dura
431 1070 608 1108 valetudo
626 1069 800 1108 inciderit
819 1082 885 1107 seu
901 1068 1010 1106 tarda
1027 1069 1198 1106 senectus
1214 1067 1232 1105 ’.Ρ
1442 1104 1444 1106 ,

361 1123 575 1161 Rancidum
593 1136 725 1173 aprum
743 1121 889 1172 antiqui
905 1121 1119 1167 laudabant,
1137 1134 1214 1158 non
1232 1120 1320 1171 quia
1336 1133 1449 1157 nasus

306 1175 390 1213 Illis
408 1176 533 1214 nullus
551 1178 643 1222 erat,
662 1175 726 1213 sed
744 1175 853 1213 credo
870 1175 940 1212 hac
958 1176 1096 1220 mente,
1115 1174 1216 1224 quod
1232 1173 1367 1223 hospes

305 1229 464 1267 Tardius
483 1228 682 1266 adveniens
699 1227 878 1265 vitiatum
897 1226 1126 1265 commodius
1145 1239 1258 1276 quam

305 1282 507 1332 Integrum
525 1281 618 1319 edax
636 1280 808 1318 dominus
827 1282 1072 1318 consumeret.
1127 1279 1213 1316 Hos
1231 1278 1379 1316 utinam
1395 1278 1495 1315 inter

305 1334 453 1372 Heroas
465 1336 605 1372 ‘natum
622 1333 736 1371 tellus
754 1346 815 1370 me
832 1333 953 1383 prima
969 1332 1140 1370 tulisset!

357 1387 436 1425 Das
455 1386 596 1437 aliquid
612 1387 743 1433 famae,
762 1399 855 1435 quae
874 1385 1036 1423 carmine
1054 1384 1196 1435 gratior
1214 1397 1341 1421 aurem

306 1440 473 1490 Occupet
490 1441 715 1477 humanam:
744 1438 902 1489 grandes
920 1438 1070 1475 rhombi
1087 1437 1309 1487 patinaeque

305 1493 456 1531 Grande
473 1493 600 1530 ferunt
613 1505 689 1529 una
706 1505 792 1529 cum
811 1491 947 1528 damno
965 1490 1122 1528 dedecus
1136 1506 1144 1536 ;
1171 1489 1265 1527 adde

305 1546 454 1583 Iratum
472 1548 660 1596 patruum,
679 1544 833 1590 vicinos,
850 1545 891 1581 te
908 1543 981 1580 tibi
997 1543 1180 1593 iniquum,

304 1599 360 1636 Et
378 1599 518 1636 frustra
535 1598 668 1636 mortis
687 1597 876 1647 cupidum,
896 1609 982 1633 cum
1000 1595 1118 1634 deerit
1137 1594 1264 1646 egenti

304 1652 371 1698 As,
389 1652 511 1702 laquei
528 1651 704 1702 pretium.
759 1649 787 1687 J
788 1663 865 1695 ure,
883 1649 1020 1699 inquit,
1039 1648 1217 1686 Trausius
1235 1647 1319 1685 istis

304 1705 332 1741 J
334 1707 492 1755 urgatur
509 1704 632 1742 verbis
645 1720 653 1750 3
681 1716 751 1753 ego
764 1702 964 1752 vectigalia
979 1714 1117 1752 magna

304 1758 542 1808 Divitiasque
559 1757 678 1794 habeo
696 1756 818 1793 tribus
837 1755 978 1805 amplas
996 1754 1158 1805 regibus.
1212 1753 1330 1803 Ergo,

305 1811 415 1857 Quod
433 1812 595 1860 superat,
613 1822 690 1846 non
708 1810 766 1846 est
783 1808 917 1845 melius
937 1820 1010 1857 quo
1028 1807 1214 1844 insumere
1231 1805 1350 1856 possis
1364 1804 1383 1843 ’ἓ

305 1863 382 1900 Cur
401 1865 487 1913 eget
504 1862 682 1913 indignus
702 1861 899 1911 quisquam
917 1862 956 1898 te
975 1859 1124 1897 divite?
1153 1859 1275 1905 Quare

305 1916 462 1966 Templa
478 1917 595 1953 ruunt
614 1915 770 1964 antiqua
788 1914 899 1951 deum
916 1912 934 1951 Ρ
963 1912 1051 1959 Cur,
1069 1912 1250 1962 improbe,
1269 1923 1374 1948 carae

303 1969 396 2006 Non
413 1968 554 2019 aliquid
570 1967 713 2018 patriae
730 1968 841 2004 tanto
860 1965 1024 2004 emetiris
1044 1977 1174 2002 acervo
1188 1963 1207 2002 Ρ

305 2022 385 2059 Uni
401 2021 581 2058 nimirum
599 2022 699 2058 recte
717 2018 789 2057 tibi
808 2031 952 2068 semper
970 2020 1081 2055 erunt
1100 2030 1169 2055 res.

305 2075 338 2111 Ο
357 2087 517 2124 magnus
535 2074 692 2124 posthac
710 2071 872 2109 inimicis
890 2070 1006 2108 risus!
1035 2070 1181 2107 Uterne

304 2127 367 2164 Ad
385 2141 491 2165 casus
510 2126 641 2164 dubios
660 2125 752 2162 fidet
771 2124 842 2162 sibi
861 2123 999 2161 certius
1014 2122 1032 2160 Ρ
1061 2122 1150 2169 Η10,
1170 2122 1234 2172 qui

304 2180 482 2217 Pluribus
502 2178 658 2217 assuerit
676 2179 844 2215 mentem
862 2188 1067 2226 corpusque
1085 2175 1298 2225 superbum,

303 2234 367 2270 An
386 2233 461 2283 qui,
481 2233 681 2270 contentus
699 2243 814 2281 parvo
832 2231 1077 2278 metuensque
1094 2227 1226 2274 futuri,

304 2286 353 2322 In
371 2299 460 2336 pace
478 2287 523 2322 ut
542 2284 685 2334 sapiens
704 2282 844 2333 aptarit
862 2281 995 2319 idonea
1011 2280 1141 2319 bello}>

357 2339 441 2385 Quo
458 2337 579 2388 magis
597 2337 656 2374 his
675 2336 812 2381 credas,
830 2347 923 2384 puer
940 2334 1041 2371 hunc
1060 2347 1129 2384 ego
1148 2345 1284 2383 parvus
1303 2330 1461 2369 Ofellam

304 2391 472 2441 Integris
491 2390 622 2441 opibus
640 2388 729 2426 novi
746 2401 823 2425 non
841 2386 954 2424 latius
973 2399 1084 2424 usum

305 2444 428 2490 Quam
445 2456 545 2481 nunc
564 2442 703 2480 accisis.
757 2440 895 2477 Videas
912 2441 1057 2477 metato
1075 2439 1115 2475 in
1134 2437 1254 2488 agello

305 2496 403 2534 Cum
421 2509 551 2546 pecore
570 2498 608 2533 et
627 2493 753 2545 gnatis
771 2493 908 2530 fortem
926 2491 1095 2530 mercede
1113 2491 1297 2537 colonum,

306 2549 398 2587 Non
416 2562 498 2599 ego,
517 2550 744 2593 narrantem,
762 2548 903 2583 temere
922 2544 981 2582 edi
999 2544 1081 2582 luce
1099 2543 1263 2594 profesta

305 2602 469 2651 Quidquz
474 2615 520 2639 1111
536 2603 684 2651 praeter
701 2599 783 2637 olus
801 2599 967 2636 fumosae
986 2610 1072 2635 cum
1089 2596 1182 2647 pede
1200 2607 1346 2646 pernae.
