1670 2736
253 108 329 146 238
604 105 607 107 ’
692 122 869 151 nomm
888 125 1070 154 summ.

305 213 338 250 O
358 213 566 262 Laertiade,
585 216 765 267 quidquid
782 218 914 266 dicam,
932 223 999 258 aut
1017 221 1089 259 erit
1106 224 1173 260 aut
1191 236 1289 262 non:

304 266 484 305 Divinare
502 269 643 307 etenim
660 283 819 321 magnus
836 272 931 310 mihi
948 273 1063 312 donat
1081 274 1229 325 Apollo.

305 319 405 365 Quid
421 322 549 358 tamen
567 322 641 360 ista
658 324 749 361 velit
767 324 838 362 sibi
855 325 989 373 fabula,
1008 326 1040 364 si
1057 327 1156 375 licet,
1174 329 1252 367 ede.

305 371 488 423 Tempore
506 387 579 423 quo
592 375 741 425 juvenis
759 376 912 416 Parthis
930 378 1146 428 horrendus,
1165 382 1211 420 ab
1229 382 1306 420 alto

304 424 521 463 Demissum
538 441 656 477 genus
675 429 812 476 Aenea,
830 431 963 469 tellure
980 432 1147 482 marique

304 477 470 528 Magnus
489 479 572 526 erit,
590 481 680 519 forti
697 483 815 520 nubet
832 497 983 533 procera
1001 484 1146 523 Corano

304 530 403 568 Filia
420 532 590 580 Nasicae,
608 535 812 573 metuentis
829 537 981 575 reddere
999 538 1155 575 soldum.

304 583 404 621 Tum
422 598 536 635 gener
553 586 624 624 hoo
642 587 775 626 faciet:
803 589 949 627 tabulas
968 603 1095 628 socero
1113 591 1217 630 dabit
1235 595 1348 642 atque

303 636 361 674 Ut
378 637 480 687 legat
499 639 642 686 orabit3
669 641 834 678 multum
852 642 991 681 Nasica
1006 646 1162 694 negatas

303 690 474 740 Accipiet
491 692 646 730 tandem
664 695 703 730 et
720 694 859 732 tacitus
877 695 989 746 leget,
1007 696 1246 747 invenietque

302 742 372 779 Nil
390 743 461 781 sibi
477 743 646 794 legatum
663 749 809 796 praeter
825 748 968 797 plorare
986 749 1145 799 suisque.

303 794 406 832 Illud
424 796 471 833 ad
488 797 579 835 haec
591 798 726 848 jubeo:
755 800 887 838 mulier
905 801 936 838 si
953 802 1050 839 forte
1068 802 1195 840 dolosa

302 847 525 887 Libertusve
543 863 669 889 senem
687 852 845 890 delirum
861 856 1057 904 temperet,
1074 855 1147 892 ssh's

303 901 467 940 Accedas
487 903 629 951 sooius3
656 904 794 951 laudes,
812 906 971 944 lauderis
988 909 1033 944 ut
1052 908 1194 946 absens.

302 954 469 1004 Adjuvat
487 955 558 993 hoe
577 970 732 1006 quoque,
752 959 816 996 sed
833 959 951 997 vineit
968 960 1078 1010 longe
1096 961 1198 1011 prius
1215 962 1340 1012 ipsum

303 1006 529 1058 Expugnare
548 1012 671 1059 caput.
727 1011 871 1050 Scribet
889 1012 986 1050 mala
1004 1013 1167 1051 earmina
1183 1027 1331 1052 vecors:

302 1059 485 1098 Laudato.
540 1062 732 1101 Scortator
750 1064 841 1102 erit:
870 1078 957 1103 eave
974 1067 1015 1103 te
1032 1068 1160 1116 roget3
1187 1067 1288 1105 ultro

302 1112 528 1164 Penelopam
545 1115 662 1153 facilis
679 1117 816 1166 potiori
833 1118 950 1156 trade.
1004 1118 1202 1158 Putasne?

303 1165 461 1204 Perduei
479 1168 618 1217 poterit
635 1171 716 1206 tam
734 1170 834 1220 frugi
850 1173 1003 1220 tamque
1019 1172 1163 1221 pudica,

303 1218 424 1264 Quam
443 1220 615 1269 nequiere
632 1222 735 1271 proci
752 1225 854 1260 recto
873 1224 1053 1273 depellere
1071 1223 1212 1263 cursu?

301 1270 416 1309 Venit
434 1273 545 1319 enim,
563 1287 743 1324 magnum
761 1275 923 1313 donandi
939 1290 1060 1326 parca,
1073 1277 1266 1327 juventus,

300 1323 383 1361 Nee
400 1327 553 1362 tantum
570 1327 724 1374 veneris,
743 1330 926 1377 quantum
945 1330 1111 1367 studiosa
1129 1330 1282 1368 culinae.

302 1376 362 1414 Sic
380 1377 451 1415 tibi
470 1378 654 1429 Penelope
671 1380 771 1431 frug-i
789 1383 858 1427 est,
877 1394 970 1430 quae
988 1382 1019 1419 si
1038 1383 1151 1420 semel
1167 1396 1243 1420 uno

301 1429 359 1466 De
378 1443 463 1468 sene
481 1432 645 1481 gustarit
662 1435 788 1470 tecum
805 1434 946 1484 partita
963 1435 1150 1481 lucellum,

301 1482 358 1519 Ut
377 1483 477 1521 canis
496 1498 518 1521 a
535 1485 633 1522 corio
651 1499 843 1536 nunquam
861 1487 1128 1525 absterrebitur
1144 1490 1270 1526 uncto.

291 2484 359 2521 Me
376 2497 473 2529 sene,
492 2484 592 2533 quod
609 2483 741 2530 dicam,
759 2484 902 2522 fantum
919 2486 977 2522 est
992 2500 1000 2522 ε
1029 2497 1120 2522 anus
1138 2483 1307 2534 improba
1325 2482 1462 2520 Thebis

290 2537 351 2573 Ex
368 2538 597 2574 testamento
616 2537 667 2574 sic
686 2539 744 2575 est
762 2537 881 2583 elata3
908 2537 1063 2574 cadaver

289 2589 460 2627 Unotum
477 2589 557 2628 oleo
574 2589 679 2641 largo
697 2590 806 2628 nudis
823 2589 988 2628 humeris
1005 2589 1097 2628 tulit
1114 2590 1231 2637 heres,
