1670 2736
623 126 707 153 LIB-
726 127 756 154 Ι.
777 126 861 154 SAOE.
881 126 921 154 X.

246 220 399 273 Arguta
413 220 610 260 meretrice
627 223 736 273 potes
754 221 938 273 Davoque
956 221 1160 262 Chremeta

194 273 386 313 Eludente
403 287 532 314 senem
549 275 666 313 comis
684 275 826 326 garrire
842 276 987 315 libellos

193 327 305 366 Unus
322 327 508 376 vivorum,
527 328 726 376 Fundani3
753 328 876 368 Pollio
893 343 1028 381 regum

195 380 318 420 Facta
334 381 438 420 canit
454 381 549 433 pede
566 384 627 420 ter
643 395 843 433 percusso;
869 383 968 422 forte
986 397 1075 435 epos
1094 398 1178 424 acer

193 434 253 473 Ut
270 447 382 474 nemo
398 434 537 474 Varius
554 435 683 483 ducit3
709 436 822 475 molle
839 438 954 488 atque
970 437 1136 477 facetum

194 487 356 540 Virgilio
374 492 589 528 annuerunt
607 489 815 541 gaudentes
833 503 920 530 rure
938 490 1136 532 Camenae.

195 540 284 580 Hoc
303 543 395 590 erat,
414 545 569 594 experto
586 543 730 582 flustra
746 543 915 583 Varrone
933 544 1098 585 Atacino

194 595 325 646 Atque
343 595 569 647 quibusdam
586 596 680 644 aliis,
698 596 832 635 melius
851 598 952 648 quod
970 599 1130 640 scribere
1147 616 1308 653 possem,

195 648 402 688 Inventore
419 649 566 697 minor3
592 663 713 701 neque
731 663 802 702 ego
820 651 876 689 iJJi
893 651 1090 692 detrahere
1108 656 1230 694 ausim

196 701 432 742 Haerentem
450 703 567 755 capiti
584 717 672 742 cum
689 705 812 743 multa.
829 705 939 744 laude
957 719 1145 747 coronam.

194 756 252 794 At
270 756 349 794 dixi
365 756 480 795 fluere
498 757 600 796 hunc
617 757 862 805 lutulentum,
881 771 990 810 saepe
1008 759 1192 801 ferentem

195 808 313 847 Plura.
330 810 482 860 quidem
499 809 668 850 tollenda
684 811 949 863 relinquendis.
1004 813 1101 866 Age,
1121 830 1269 867 quaeso,

196 862 257 900 Tu
273 863 370 901 nihil
386 863 427 902 in
444 877 584 916 magno
602 864 736 903 doctus
754 865 995 916 reprehendis
1013 867 1215 909 Homero?

192 1819 262 1858 Nil
280 1819 397 1857 comis
414 1819 551 1871 tragici
569 1820 696 1857 mutat
714 1818 883 1856 Lucilius
901 1817 1026 1856 Acci?

191 1873 282 1911 Non
300 1873 400 1911 ridet
417 1886 546 1911 versus
564 1872 670 1910 Enni
686 1872 876 1924 gravitate
894 1872 1069 1919 minores,

193 1926 291 1964 Cum
309 1926 355 1964 de
374 1940 413 1965 se
430 1926 600 1978 loquitur
617 1940 694 1964 non
711 1928 758 1964 ut
775 1925 915 1977 majore
933 1926 1117 1977 reprensis
1134 1925 1152 1963 Ρ

191 1980 292 2028 Quid
309 1982 416 2018 vetat
434 1982 474 2018 et
491 1982 642 2022 nosmet
660 1979 784 2018 Lucili
803 1980 944 2031 scripta
960 1980 1128 2031 legentes

192 2034 389 2082 Quaerere,
407 2047 502 2071 num
519 2033 634 2081 illius,
653 2047 747 2071 num
764 2047 892 2072 rerum
910 2034 1005 2072 dura
1021 2033 1171 2085 negarit
1246 2079 1258 2086 „

191 2087 405 2126 Versiculos
423 2089 561 2126 natura
577 2087 699 2138 magis
716 2087 838 2126 factos
856 2090 896 2125 et
914 2090 1047 2126 euntes

192 2140 362 2188 Mollius,
380 2154 422 2179 ac
441 2141 474 2179 si
491 2141 574 2192 quis
591 2141 750 2192 pedibus
769 2141 860 2192 quid
877 2140 1049 2180 claudere
1067 2141 1178 2187 senis,

193 2194 281 2232 Hoc
298 2196 454 2232 tantum
471 2196 686 2242 contentus,
705 2197 808 2232 amet
826 2194 1016 2246 scripsisse
1035 2195 1217 2233 ducentos

191 2248 296 2286 Ante
314 2247 441 2286 cibum
458 2261 599 2295 versus,
616 2247 781 2286 totidem
800 2248 1010 2287 coenatus?
1039 2248 1195 2286 Etrusci

193 2301 312 2348 Quale
329 2301 404 2339 fuit
423 2301 529 2339 Cassi
546 2301 676 2353 rapido
694 2301 902 2340 ferventius
921 2301 1025 2340 amni

191 2353 407 2405 Ingenium,
426 2355 546 2405 capsis
564 2368 677 2406 quem
694 2355 796 2393 fama
813 2357 871 2394 est
889 2368 968 2394 esse
985 2355 1164 2406 librisque

191 2408 426 2445 Ambustum
443 2409 614 2459 propriis.
670 2408 804 2447 Fuerit
823 2408 1004 2455 Lucilius,
1022 2409 1188 2459 inquam,

192 2461 320 2499 Comis
339 2464 379 2499 et
397 2462 574 2509 urbanus,
592 2461 707 2500 fuerit
725 2462 893 2500 limatior
909 2462 1011 2500 idem

191 2515 315 2561 Quam
332 2514 436 2553 rudis
454 2517 494 2553 et
513 2515 666 2554 Graecis
683 2515 820 2554 intacti
838 2515 1014 2554 carminis
1033 2517 1175 2562 auctor,

191 2568 388 2619 Quamque
405 2570 604 2619 poetarum
622 2569 812 2607 seniorum
828 2569 963 2616 turba3
991 2569 1057 2607 sed
1074 2569 1148 2615 ille,

191 2621 232 2658 Si
250 2622 348 2659 foret
366 2622 438 2660 hoc
457 2624 632 2660 nostrum
650 2622 730 2660 fato
749 2622 889 2661 dilatus
908 2622 948 2659 in
967 2635 1113 2668 aevum,

1342 120 1419 157 213
