1670 2736
567 102 662 131 ,1.111.
681 101 731 130 Π.
751 101 836 129 nu.
855 100 925 128 111.
1293 94 1370 132 229

159 201 242 242 Hic
257 214 415 255 porcum
430 199 616 239 Laribus:
643 210 777 237 verum
794 196 1016 236 ambitiosus
1035 199 1075 236 et
1093 198 1216 236 audax
1230 214 1239 245 ;

158 254 331 309 Naviget
347 254 585 306 Anticyram.
640 251 742 300 Quid
758 250 861 289 enim
878 250 1017 298 differt,
1035 251 1266 290 barathrone

161 307 292 349 Dones
309 307 493 360 quidquid
508 306 638 354 habes,
657 318 706 343 an
723 316 919 354 nunquam
935 306 1046 343 utare
1063 305 1238 356 paratis?

161 362 314 402 Servius
332 361 516 414 Oppidius
534 358 675 398 Canusi
692 359 767 397 duo
784 357 946 409 praedia,
965 357 1069 396 dives

162 416 336 468 Antiquo
353 428 479 462 censu,
497 413 625 466 gnatis
643 411 780 451 divisse
798 411 944 450 duobus

164 469 305 509 Fertur
321 471 362 508 et
379 469 451 507 hoc
468 467 631 506 moriens
648 465 774 517 pueris
792 464 929 503 dixisse
947 465 1091 503 vocatis

162 523 229 562 Ad
244 523 407 562 lectum:
435 521 646 571 Postquam
662 522 703 558 te
719 518 830 566 talos,
847 518 958 566 Aule,
976 531 1163 569 nucesque

165 576 281 616 Ferre
298 577 386 615 sinu
400 575 498 622 laxo,
508 574 646 612 donare
664 574 704 611 et
720 572 848 610 ludere
865 571 955 618 vidi,

164 630 232 678 Tc,
251 629 392 677 Tiberi,
410 640 618 675 numerare,
637 626 737 665 cavis
755 625 981 664 abscondere
998 625 1172 672 tristem3

165 683 353 731 Extimui,
370 695 419 721 ne
435 695 504 720 vos
522 682 651 733 ageret
668 679 821 717 vesania
838 678 990 726 discors,

163 737 228 775 Tu
244 737 544 783 Nomentanum,
562 736 609 772 tu
627 746 675 771 ne
692 745 886 782 sequerere
905 731 1094 770 Cicutam.

164 791 290 838 Quare
307 803 374 842 per
391 789 497 828 divos
513 787 643 827 oratus
661 788 820 836 uterque
838 785 1014 832 Penates,

165 843 229 882 Tu
245 857 335 883 cave
350 856 399 882 ne
415 841 575 888 minuas,
588 842 646 888 tu,
663 853 712 878 ne
729 839 850 890 majus
868 838 982 877 facias
999 838 1051 885 id,

166 897 279 945 Quod
295 896 388 936 satis
406 908 485 935 esse
502 895 616 946 putat
634 894 743 944 pater
760 895 800 931 et
818 894 956 930 natura
974 895 1133 930 coercet.

167 950 368 990 Praeterea
382 962 432 988 ne
448 961 516 987 vos
533 947 668 986 titillet
686 945 817 998 gloria,
830 946 969 997 jure—

166 1003 340 1043 ‚Iurando
357 1001 596 1053 obstringam
613 1000 747 1039 ambo:
776 1001 862 1037 uter
880 999 1010 1038 aedilis
1029 999 1191 1038 fueritve

167 1057 350 1099 Vestrum
365 1057 527 1108 praetor,
544 1052 822 1092 isintestabilis
841 1054 880 1091 et
899 1066 1001 1091 sacer
1020 1055 1113 1091 esto.

168 1110 219 1150 In
236 1111 352 1150 cicere
368 1112 483 1160 atque
499 1108 586 1147 faba
602 1108 702 1146 bona
717 1108 765 1145 tu
781 1106 987 1157 perdasque
1005 1105 1156 1157 lupinis,

168 1164 289 1204 Latus
305 1166 352 1203 ut
367 1163 410 1202 in
428 1162 537 1201 Circo
556 1161 716 1213 spatiere
734 1162 774 1198 et
792 1162 931 1198 aeneus
949 1162 994 1197 ut
1013 1161 1102 1205 stes,

166 1217 306 1257 Nudus
323 1216 435 1269 agris,
452 1215 576 1254 nudus
594 1213 771 1260 nummis,
788 1213 931 1260 insane,
948 1213 1137 1264 paternis;

167 1271 318 1311 Smlioet
334 1273 380 1309 ut
397 1269 561 1322 plausus,
580 1281 673 1319 quos
691 1267 766 1305 fert
782 1266 964 1318 Agrippa,
983 1267 1078 1305 feras
1097 1269 1154 1314 tu,

171 1793 315 1830 Astuta
331 1791 539 1843 ingenuum
556 1790 689 1842 vulpes
706 1790 858 1828 imitata
874 1790 1032 1829 leonem.

224 1845 287 1884 Ne
304 1845 388 1896 quis
406 1845 582 1883 humasse
599 1844 693 1883 velit
710 1844 878 1895 Ajacem,
898 1843 1046 1889 Atrida,
1065 1849 1171 1881 vetas
1190 1842 1286 1880 cur?

173 1899 257 1938 Rex
275 1912 371 1937 sum.
425 1898 495 1936 Nil
512 1898 614 1936 ultra
631 1911 768 1948 quaero
785 1898 965 1949 plebeius.
1021 1897 1076 1934 Et
1095 1909 1252 1946 aequam

173 1953 273 1996 Rem
290 1951 466 2003 imperito
480 1968 488 1999 ;
515 1965 558 1998 ac
576 1951 609 1990 si
627 1951 689 1989 cui
705 1951 834 1989 videor
851 1965 929 1989 non
937 1951 1077 2001 justus,
1095 1949 1219 1987 inulto

171 2006 318 2053 Dicere,
337 2005 438 2056 quod
455 2005 585 2053 sentit,
602 2005 796 2056 permitto.
851 2004 1021 2042 Maxime
1038 2017 1184 2054 regum,

172 2059 226 2097 Di
243 2059 316 2098 tibi
333 2059 425 2097 dent
443 2061 554 2110 capta
571 2058 729 2097 classem
747 2058 928 2096 deducere
947 2057 1061 2108 Troja
1076 2058 1083 2095 ἒ

173 2113 279 2164 Ergo
297 2111 488 2151 consulere
506 2114 546 2150 et
563 2125 653 2150 mox
669 2112 893 2163 respondere
910 2110 1039 2149 licebit
1055 2110 1073 2148 P

173 2165 347 2204 Consule.
402 2165 480 2203 Cur
498 2165 607 2217 Ajax,
625 2166 735 2204 heros
754 2165 801 2203 ab
819 2164 968 2203 Achille
987 2163 1183 2210 secundus,

174 2219 359 2267 Putescit,
377 2218 493 2258 toties
511 2218 668 2257 servatis
686 2219 808 2258 clarus
827 2218 995 2264 Achivis,

174 2272 349 2311 Gaudeat
365 2274 412 2310 ut
428 2272 588 2323 populus
607 2271 751 2310 Priami
770 2271 1018 2322 Priamusque
1036 2270 1248 2316 inhumato,

174 2326 249 2364 Per
266 2339 379 2376 quem
395 2327 458 2364 tot
469 2325 627 2377 juvenes
645 2325 768 2377 patrio
788 2338 937 2364 caruere
956 2324 1124 2375 sepulcro
1138 2323 1156 2361 ’ἔ

174 2378 285 2418 Mille
303 2379 432 2417 ovium
449 2378 603 2417 insanus
621 2379 738 2417 morti
755 2378 872 2426 dedit,
890 2378 1067 2416 inclitum
1085 2377 1224 2414 Ulixen

175 2432 231 2470 Et
250 2431 469 2470 Menelaum
486 2445 563 2470 una
579 2445 729 2470 mecum
747 2445 786 2470 se
805 2431 971 2470 occidere
990 2431 1166 2469 clamans.

175 2485 237 2523 Tu
255 2499 342 2524 cum
359 2498 427 2536 pro
445 2485 569 2523 vitula
586 2485 724 2524 statuis
743 2485 891 2523 dulcem
909 2484 1047 2522 Aulide
1066 2486 1196 2521 natam

174 2539 278 2578 Ante
295 2551 377 2576 aras
395 2538 614 2590 spargisque
631 2538 732 2576 mola
749 2541 875 2589 caput,
893 2538 1074 2588 improbe,
1093 2536 1200 2582 salsa,

174 2592 341 2631 Rectum
352 2591 468 2630 animi
479 2605 603 2631 servas
617 2591 635 2631 P
655 2591 844 2639 Quorsum
857 2591 875 2630 P
896 2591 1058 2629 Insanus
1070 2590 1162 2641 quid
1172 2589 1273 2628 enim
1284 2589 1382 2640 Ajax
