1670 2736
610 121 694 149 m.
713 121 762 149 11.
782 120 867 148 sAr.
886 120 945 148 Π.
1341 109 1418 146 235

207 216 398 257 Prolucris
415 216 563 256 melius.
618 217 660 255 Si
677 216 772 255 dura
788 216 999 255 morabitur
1016 215 1136 263 alvus,

207 270 375 310 Mitulus
391 272 432 317 et
449 270 543 309 viles
560 270 704 322 pellent
722 269 916 309 obstantia
933 270 1097 308 conchae

208 324 264 363 Et
280 323 428 376 lapathi
443 323 568 363 brevis
585 323 714 371 herba,
732 323 798 362 sed
815 323 901 362 albo
919 337 996 361 non
1015 323 1095 361 sine
1114 322 1204 361 Coo.

260 377 426 416 Lubrica
442 379 638 416 nascentes
655 377 817 428 implent
835 376 1035 428 conchylia
1051 376 1184 422 lunae3

207 431 283 470 Sed
298 445 376 470 non
394 444 506 470 omne
522 444 626 469 mare
643 432 702 469 est
719 443 920 482 generosae
937 430 1061 468 fertile
1078 432 1211 468 testae.

207 484 356 523 Murice
374 484 519 524 Baiano
536 484 669 523 melior
686 483 852 522 Lucrina
867 483 1016 535 peloris,

209 538 345 577 Ostrea
362 537 527 586 Circeiis,
545 537 696 576 Miseno
715 537 890 576 oriuntur
907 537 1042 584 echini,

208 591 429 630 Pectinibus
446 591 588 643 patulis
600 591 723 643 jactat
742 604 781 629 se
798 590 913 629 molle
931 591 1151 629 Tarentum.

260 645 345 683 Nec
362 645 435 683 sibi
451 658 652 683 coenarum
670 644 791 695 quivis
809 646 951 683 temere
968 646 1119 695 arroget
1137 646 1270 691 artem,

209 698 301 736 Non
318 698 422 749 prius
440 700 572 736 exacta
587 698 696 736 tenui
713 697 893 736 rationes
877 711 1063 749 saporum.

209 752 294 790 Nec
311 751 404 790 satis
422 754 481 790 est
499 765 584 790 cara
600 751 720 802 pisces
738 753 906 789 avertere
924 764 1065 798 mensa,

209 805 394 856 Ignarum
411 805 548 856 quibus
565 804 652 843 est
636 818 700 856 Jus
719 804 844 855 aptius
862 807 902 843 et
920 805 1056 855 quibus
1074 804 1166 842 assis

208 858 457 910 Languidus
446 872 487 896 m
505 858 704 897 cubitum
688 871 770 909 Jam
788 871 827 896 se
845 858 1003 896 conviva
1019 860 1187 908 reponet.

262 911 408 951 Umber
425 914 465 951 et
481 911 601 963 iligna
617 911 787 949 nutritus
805 911 942 962 glande
959 911 1141 949 rotundas

210 964 355 1004 Ourvat
372 978 460 1016 aper
476 965 601 1004 lances
621 978 772 1003 carnem
789 965 948 1003 vitantis
966 965 1152 1003 inertem·
1144 995 1152 1011 ‚

209 1019 314 1058 Nam
330 1018 499 1058 Laurens
515 1018 638 1057 malus
656 1021 726 1065 est,
744 1018 843 1056 ulvis
862 1021 902 1057 et
920 1018 1101 1056 arundine
1119 1018 1282 1069 pinguis.

210 1071 332 1111 Vinea
348 1071 543 1111 submittit
561 1085 711 1123 capreas
728 1085 806 1110 non
824 1085 969 1123 semper
986 1071 1125 1121 edules.

210 1125 409 1169 Fccundae
425 1125 563 1177 leporis
581 1125 728 1177 sapiens
746 1125 953 1164 sectabitur
970 1139 1105 1164 armos.

261 1178 433 1218 Piscibus
450 1181 564 1230 atque
582 1179 713 1217 avibus
732 1192 826 1230 quae
843 1181 980 1219 natura
997 1181 1037 1217 et
1054 1179 1152 1217 foret
1171 1180 1286 1225 aetas,

208 1232 313 1271 Ante
329 1245 457 1271 meum
473 1232 570 1271 nulli
586 1232 714 1284 patuit
732 1233 901 1283 quaesita
917 1232 1099 1284 palatum.

261 1285 372 1333 Sunt,
390 1299 551 1348 quorum
567 1286 764 1337 ingenium
780 1299 879 1324 nova
891 1288 1046 1324 tantum
1064 1284 1233 1324 crustula
1249 1285 1403 1336 promit

208 1339 459 1401 Nequaquam
476 1339 596 1378 satis
585 1353 627 1377 m
643 1353 684 1378 re
701 1353 778 1378 una
795 1353 1013 1378 consumere
1031 1353 1170 1385 01113111,

207 1393 266 1431 Ut
284 1393 317 1431 si
333 1393 417 1444 quis
436 1393 559 1431 solum
575 1393 659 1440 hoc,
677 1393 778 1431 mala
794 1406 842 1431 ne
860 1393 938 1431 sint
955 1393 1055 1440 vina,
1074 1393 1231 1440 laboret,

207 1446 320 1495 Quali
336 1446 538 1497 perfundat
554 1446 674 1497 pisces
692 1460 843 1485 securus
862 1447 973 1485 olivo.

259 1499 424 1538 Massica
442 1500 474 1538 si
492 1500 594 1538 caelo
613 1513 799 1551 suppones
818 1500 907 1538 vina
924 1513 1065 1546 sereno,

207 1553 420 1600 Nocturna,
437 1553 470 1591 si
488 1553 579 1604 quid
596 1553 711 1592 crassi
728 1554 798 1600 est,
815 1554 1036 1592 tenuabitur
1053 1567 1143 1591 aura

208 1606 265 1644 Et
283 1606 436 1645 decedet
455 1606 547 1645 odor
563 1606 688 1644 nervis
706 1606 902 1653 inimicus3
929 1609 970 1645 at
987 1606 1054 1645 illa

208 1659 412 1711 Integrum
428 1659 593 1711 perdunt
610 1659 689 1698 lino
706 1659 843 1697 vitiata
861 1673 1042 1710 saporem.

209 1712 432 1751 Surrentina
446 1713 551 1751 vafer
567 1713 633 1763 qui
650 1713 784 1751 miscet
802 1713 902 1751 faece
921 1713 1083 1752 Falerna

207 1765 318 1813 Vina,
337 1766 552 1805 columbino
568 1766 703 1804 limum
720 1766 814 1804 bene
833 1766 979 1818 colligit
998 1780 1081 1813 ovo,

208 1819 403 1867 Quatenus
416 1819 494 1858 ima
509 1819 608 1870 petit
625 1819 780 1858 volvens
798 1819 920 1858 aliena
936 1820 1101 1858 vitellus.

260 1873 389 1912 Tostis
406 1876 637 1912 marcentem
655 1873 799 1924 squillis
817 1873 999 1912 recreabis
1017 1876 1057 1912 et
1075 1874 1169 1911 Afra

208 1926 389 1965 Potorem
406 1926 579 1973 cochlea3
605 1940 695 1964 nam
713 1926 861 1965 lactuca
877 1926 1028 1965 innatat
1046 1927 1121 1965 acri

207 1979 304 2018 Post
321 1980 454 2018 vinum
471 1980 689 2027 stomach03
715 1993 832 2031 perna
848 1981 969 2032 magis
988 1994 1030 2019 ac
1048 1980 1169 2031 magis
1188 1980 1290 2018 hillis

207 2032 381 2084 Flagitat
398 2033 598 2072 immorsus
616 2033 719 2072 refici
734 2050 743 2080 3
770 2034 862 2084 quin
880 2034 1007 2072 omnia
1023 2034 1144 2080 malit,

206 2087 457 2138 Quaecunque
473 2087 678 2125 immundis
695 2087 843 2125 fervent
860 2087 976 2125 allata
991 2087 1151 2138 popinis.

259 2140 333 2178 Est
351 2153 483 2191 operae
500 2141 666 2191 pretium
684 2140 843 2191 duplicis
860 2154 1079 2192 pernoscere
1091 2141 1188 2192 juris

207 2193 410 2232 Naturam.
457 2193 632 2255 Simplex
650 2207 670 2232 e
689 2194 789 2232 dulci
807 2196 956 2232 constat
975 2195 1085 2241 olivo,

207 2246 318 2294 Quod
334 2247 469 2298 pingui
486 2247 641 2286 miscere
658 2260 762 2285 mero
780 2247 974 2298 muriaque
993 2247 1151 2294 decebit,

207 2299 299 2338 Non
317 2300 391 2338 alia
407 2313 521 2351 quam
539 2314 613 2351 qua
630 2300 819 2351 Byzantia
836 2301 967 2351 putuit
985 2315 1082 2340 orca

208 2352 297 2391 Hoc
314 2353 381 2391 ubi
399 2353 599 2392 confusum
617 2354 729 2392 sectis
746 2354 928 2393 inferbuit
946 2355 1072 2393 herbis

208 2405 441 2457 Corycioque
460 2420 567 2445 croco
586 2420 756 2458 sparsum
775 2408 898 2454 stetit,
916 2408 1069 2459 insuper
1087 2409 1201 2447 addes

208 2458 343 2497 Pressa
359 2460 592 2498 Venafranae
610 2461 711 2511 quod
728 2461 842 2499 bacca
854 2461 1002 2499 remisit
1021 2461 1153 2500 olivae.

258 2512 407 2551 Picenis
426 2513 566 2552 cedunt
582 2513 704 2564 pomis
722 2514 897 2552 Tiburtia
914 2528 1046 2561 succo;

206 2565 311 2604 Nam
328 2566 422 2605 facie
439 2569 645 2617 praestant.
700 2567 896 2605 Venucula
913 2568 1090 2606 convenit
1109 2568 1215 2606 ollis·
1207 2599 1216 2615 ,

207 2618 366 2658 Rectius
384 2620 573 2659 Albanam
589 2620 694 2658 fumo
712 2620 902 2660 duraveris
920 2634 1045 2659 uvam.
