1670 2736
615 118 700 148 m.
718 119 777 147 Π.
797 118 924 148 om.
943 120 983 147 x.
1355 112 1432 150 141

423 214 560 254 Vixere
577 215 694 254 fortes
711 217 801 254 ante
817 215 1107 267 Agamemnona

423 268 566 316 Multi3
593 269 660 308 sed
676 282 806 308 omnes
823 268 1099 308 illacrimabiles

476 322 676 373 Urgentur
692 322 891 374 ignotique
907 322 1023 374 longa

528 375 667 424 Nocte,
681 377 811 415 carent
829 375 918 427 quia
934 378 1023 414 vate
1041 389 1156 415 sacro.

423 462 603 502 Paullum
619 463 787 515 sepultae
805 463 924 502 distat
941 463 1099 503 inertiae

422 516 554 556 Celata.
569 516 705 556 virtus.
759 517 852 556 Non
870 530 941 569 ego
958 519 999 556 13
1017 518 1110 556 meis

477 569 630 609 Ohartis
647 570 866 609 inornatum
884 571 1011 618 silebo,

528 623 651 662 Totve
668 626 756 662 tuos
773 624 896 676 patiar
913 624 1058 663 labores

421 711 597 762 Impune,
615 711 727 759 Lolli,
746 725 895 763 carpere
912 712 1046 751 lividas

420 765 649 803 Obliviones.
704 765 779 804 Est
797 765 945 804 animus
963 766 1037 804 tibi

473 818 692 870 Rerumque
708 819 872 870 prudens
891 821 931 857 et
949 820 1121 858 secundis

523 871 771 923 Temporibus
789 872 986 924 dubiisque
1002 875 1141 920 rectus,

418 959 567 998 Vindex
584 973 715 999 avarae
732 960 874 999 fraudis
892 962 931 1000 et
949 961 1143 1000 abstinens

418 1013 604 1052 Ducentis
622 1014 671 1052 ad
688 1028 727 1053 se
745 1016 883 1053 cuncta
898 1015 1088 1066 pecuniae,

471 1066 687 1118 consulque
703 1081 782 1106 non
799 1068 911 1106 unius
929 1068 1030 1115 anni,

522 1120 596 1159 Sed
613 1121 760 1173 quoties
778 1122 899 1160 bonus
917 1124 1031 1173 atque
1049 1121 1147 1160 fidus

419 1206 448 1244 J
448 1206 547 1246 udex
563 1207 768 1246 honestum
785 1208 967 1259 praetulit
985 1208 1084 1256 utili,

414 1259 564 1312 Rejecit
581 1261 660 1299 alto
678 1261 777 1299 dona
793 1262 1014 1300 nocentium

467 1313 602 1362 Vultu,
619 1328 687 1365 per
704 1315 898 1354 obstantes
917 1317 1085 1354 catervas

520 1368 715 1419 Explicuit
733 1382 801 1407 sua
817 1368 940 1407 victor
958 1382 1073 1407 arma.

414 1455 506 1494 Non
522 1456 777 1507 possidentem
795 1456 919 1495 multa
934 1457 1126 1496 vocaveris

413 1508 534 1548 Recte
551 1510 706 1548 beatum
721 1527 730 1548 :
757 1510 897 1548 rectius
915 1513 1075 1562 occupat

464 1562 619 1601 Nomen
635 1563 750 1610 beati,
769 1563 834 1614 qui
851 1564 1007 1602 deorum

516 1616 741 1655 Muneribus
759 1617 948 1667 sapienter
964 1617 1024 1655 uti

411 1702 631 1754 Duramque
649 1702 760 1742 callet
777 1704 992 1755 pauperiem
1008 1704 1090 1755 pati

411 1755 599 1807 Pejusque
616 1757 694 1795 leto
711 1757 901 1818 flagitium
918 1757 1044 1805 timet,

464 1810 555 1849 Non
572 1810 636 1849 ille
653 1824 722 1861 pro
740 1811 833 1849 caris
852 1810 981 1849 amicis

521 1864 604 1902 Aut
620 1865 744 1915 patria
759 1864 917 1903 timidus
934 1864 1066 1916 perire.

455 2107 636 2146 0111111111
653 2107 824 2146 Χ.-Α1)
844 2107 1113 2147 LmunmuM.

253 2194 286 2232 O
305 2193 463 2232 crudelis
482 2194 604 2233 adhuc
622 2197 662 2233 et
679 2194 837 2233 Veneris
854 2194 1072 2233 muneribus
1089 2196 1237 2245 potens,

251 2247 450 2298 Insperata
466 2250 555 2287 tuae
573 2262 660 2286 cum
676 2248 804 2287 veniet
821 2249 951 2299 pluma
967 2248 1172 2299 superbiae,

251 2301 318 2347 Et,
337 2314 432 2352 quae
449 2313 550 2340 nunc
567 2301 734 2340 humeris
752 2302 968 2349 involitant‚
988 2302 1196 2340 deciderint
1214 2314 1353 2348 comae,

246 2354 363 2393 Nunc
380 2357 421 2393 et
434 2355 499 2405 qui
515 2355 617 2394 color
635 2358 693 2394 est
711 2356 889 2407 puniceae
907 2356 998 2394 flore
1015 2355 1117 2407 prior
1134 2368 1251 2402 rosae,

244 2442 425 2481 Mutatus
439 2441 667 2494 Ligurinum
684 2442 725 2481 in
743 2442 877 2481 faciem
893 2443 1052 2482 verterit
1070 2442 1271 2493 hispidam,

243 2495 370 2542 Dices,
388 2496 474 2542 heu,
493 2496 640 2546 quoties
658 2499 699 2535 te
717 2497 867 2548 speculo
885 2496 1023 2535 videris
1043 2497 1229 2535 alterum:

243 2549 348 2596 Quae
365 2562 472 2587 mens
490 2551 549 2587 est
566 2549 690 2597 hodie,
709 2562 775 2588 cur
792 2550 923 2589 eadem
940 2563 1018 2588 non
1036 2562 1153 2601 puero
1171 2549 1258 2596 fuit,

241 2602 315 2641 Vel
332 2616 399 2641 cur
415 2602 476 2641 his
494 2602 629 2641 animis
646 2603 852 2643 incolumes
869 2616 947 2643 non
964 2603 1124 2642 redeunt
1143 2601 1293 2654 genae?
