1670 2736
623 108 708 137 m.
726 108 777 136 11.
797 108 882 136 su.
901 108 952 137 11.
1346 101 1423 139 221

203 205 309 245 Rara
324 204 405 244 avis
422 205 463 244 et
479 204 585 256 picta
599 204 744 255 pandat
762 203 978 256 spectacula
995 204 1114 243 cauda
1128 220 1137 252 3

135 266 140 270 '
203 259 418 311 Tamquam
434 258 483 297 ad
499 271 581 297 rem
598 257 762 296 attineat
775 258 993 309 quidquam.
1032 258 1142 296 Num
1155 260 1315 298 vesceris
1333 260 1421 309 ista,

204 313 329 361 Quam
345 311 488 360 laudas,
505 310 669 363 pluma?
697 311 817 350 006110
834 325 930 349 1111111
947 311 1055 350 adest
1072 312 1196 351 honor
1212 313 1315 352 idem
1329 313 1348 352 Ρ

203 365 326 405 Carne
342 367 485 414 tamen,
503 364 675 416 quamvis
693 365 813 403 distat
830 365 898 413 nil,
916 365 988 403 hac
1005 365 1128 417 magis
1146 365 1223 404 illa.

203 419 420 471 Impar-ibus
437 418 569 458 formis
587 418 788 470 deceptum
804 421 846 457 te
862 420 983 470 patet.
1030 419 1129 458 Esto
1144 436 1152 457 :

203 473 317 512 Unde
334 473 469 512 datum
485 472 615 520 sentis,
632 472 744 523 lupus
761 472 824 510 1116
842 472 1042 511 Tiberinus
1061 486 1111 511 an
1128 473 1207 511 alto

203 526 348 578 Captus
365 526 459 574 hiet,
476 528 661 577 pontesne
677 526 779 564 inter
790 526 960 577 jactatus
979 539 1028 564 an
1045 526 1168 564 amnis

203 579 314 618 Ostia
330 580 401 619 sub
419 556 571 618 Timaei?
599 579 762 628 Laudas,
779 579 922 627 insane,
940 579 1128 618 trilibrem

202 633 383 681 Mullum,
400 633 442 671 in
460 632 611 685 singula
628 646 742 683 quem
759 632 908 671 minuas
925 633 1124 684 pulmenta
1140 647 1291 673 necesse
1309 648 1348 673 es
1350 637 1381 673 t.

202 687 324 726 Ducit
340 689 382 726 te
399 686 551 738 species,
569 686 701 725 video.
729 700 804 737 quo
821 686 990 737 pertinet
1009 699 1099 738 ergo

202 740 384 779 Proceros
401 740 524 779 odisse
540 739 648 791 lupos
662 739 681 779 Ρ
709 739 808 787 Quia
826 740 970 778 scilicet
987 739 1062 778 illis

202 793 391 846 Majorem
407 795 546 832 natura
562 793 719 832 modum
737 793 854 840 dedit,
872 793 934 831 his
952 794 1065 832 breve
1083 794 1232 844 pondus
1214 812 1243 832 3.

202 846 263 885 J
232 861 365 899 ejunus
381 860 466 886 raro
483 846 702 886 stomachus
718 846 891 898 vulgaria
907 847 1060 885 temnit.

201 900 427 940 Porrectum
443 913 584 952 magno
601 913 786 951 magnum
803 902 973 951 spectare
991 900 1118 939 catino

201 953 361 1002 Vellem,
379 953 435 993 ait
452 953 637 1005 Harpyiis
655 954 746 1005 gula
763 953 880 1005 digna
896 954 1103 1005 rapacibus.
1159 955 1216 992 At
1235 968 1314 1001 vos,

201 1007 423 1047 Praesentes
441 1007 588 1055 Austri,
607 1007 758 1058 coquite
775 1007 914 1046 horum
932 1008 1098 1046 obsonia.
1154 1008 1393 1059 Quamquam

200 1060 321 1100 Putet
338 1074 427 1113 aper
443 1060 700 1112 rhombusque
717 1074 857 1109 recens,
876 1061 978 1099 mala
995 1062 1102 1112 copia
1120 1062 1270 1112 quando

200 1114 370 1166 Aegrum
387 1113 568 1154 sollicitat
586 1115 837 1162 stomachum,
856 1128 944 1153 cum
962 1115 1093 1166 rapula
1109 1115 1243 1166 plenus

199 1168 329 1220 Atque
346 1167 469 1207 acidas
487 1168 636 1206 mavult
652 1167 788 1206 inulas.
842 1168 1020 1207 Necdum
1038 1169 1160 1207 omnis
1180 1169 1313 1207 abacta

200 1220 401 1273 Pauperies
419 1221 538 1273 epulis
555 1235 711 1273 regum3
737 1235 828 1260 nam
844 1222 982 1260 vilibus
1001 1222 1081 1260 ovis

198 1274 405 1326 Nigrisque
422 1277 482 1314 est
500 1275 590 1314 oleis
607 1275 720 1313 hodie
737 1275 854 1313 loeus.
909 1275 1030 1314 Haud
1047 1276 1103 1314 ita
1120 1276 1269 1327 pridem

199 1327 353 1367 Galloni
369 1328 562 1380 praeconis
581 1330 663 1367 erat
681 1328 893 1379 acipensere
911 1342 1042 1368 mensa

198 1381 370 1420 Infamis.
426 1381 527 1430 Quid
542 1381 561 1421 P
587 1383 682 1420 tunc
701 1382 881 1421 rhombos
899 1382 1026 1421 minus
1045 1396 1207 1435 aequora
1225 1382 1412 1422 alebant?

198 1434 323 1474 Τ1111113
341 1437 423 1474 61311
440 1435 623 1474 rhombus
640 1437 804 1486 tutoque
822 1436 966 1475 ciconia
982 1436 1084 1483 nido,

198 1488 331 1528 Donec
348 1502 416 1527 vos
435 1491 567 1527 auctor
585 1489 715 1527 docuit
733 1490 955 1540 praetorius.
1010 1490 1117 1541 Ergo

199 1541 240 1580 Si
258 1542 342 1593 quis
359 1555 461 1580 nunc
479 1555 628 1593 mergos
647 1555 779 1581 suaves
798 1543 957 1581 edixerit
976 1556 1090 1590 assos,

199 1595 356 1634 Parebit
372 1595 479 1647 pravi
497 1595 629 1633 docilis
647 1595 824 1633 Romana
835 1596 1030 1647 juventus.

254 1648 434 1687 Sordidus
453 1662 476 1687 a
491 1648 600 1687 tenui
617 1649 725 1687 victu
743 1649 913 1697 distabit,
933 1649 1056 1688 Ofella

199 1701 229 1739 J
229 1701 359 1749 udice3
386 1715 477 1740 nam
492 1702 635 1740 frustra
651 1702 791 1740 vitium
808 1703 986 1741 vitaveris
1004 1703 1111 1751 illud,

200 1755 241 1793 Si
258 1757 299 1794 116
318 1755 391 1794 3110
408 1768 569 1807 pravum
586 1755 799 1794 detorseris
854 1756 1076 1803 Avidienus‚

200 1808 272 1846 Oui
290 1808 404 1848 Canis
422 1822 469 1848 ex
485 1822 575 1847 vero
593 1809 740 1847 dictum
758 1823 969 1861 cognomen
987 1810 1177 1857 adhaeret,

199 1862 469 1914 Quinquennes
487 1862 587 1902 oleas
605 1865 665 1901 est
683 1864 723 1901 et
742 1862 930 1902 silvestria
947 1877 1071 1911 corna,

198 1915 258 1954 Ac
274 1915 349 1954 nisi
365 1918 560 1954 mutatum
577 1916 700 1967 parcit
718 1916 919 1956 defundere
937 1917 1071 1955 vinum
1089 1919 1140 1964 et,

199 1968 317 2021 Cujus
335 1969 489 2008 odorem
507 1969 579 2008 olei
596 1983 759 2021 nequeas
776 1971 950 2021 perferre,
969 1970 1100 2010 licebit

201 2021 274 2061 Ine
290 2023 448 2075 repotia,
466 2023 612 2062 natales
631 2023 770 2062 aliosve
789 2024 936 2063 dierum

188 2075 336 2115 'Festos
354 2077 502 2116 albatus
521 2077 694 2124 celebret,
714 2091 832 2116 cornu
848 2077 929 2129 ipse
947 2078 1074 2116 bilibri

201 2128 379 2168 Caulibus
396 2130 571 2178 instillat,
589 2130 728 2169 veteris
745 2144 824 2169 non
841 2145 975 2182 parcus
994 2132 1104 2169 aceti.

252 2183 365 2230 Quali
381 2183 501 2235 igitur
519 2184 625 2222 victu
643 2184 790 2235 sapiens
808 2187 952 2232 utetur,
971 2187 1011 2223 et
1029 2185 1167 2223 horum

198 2236 344 2275 'Utrum
361 2236 607 2277 imitabitur?
636 2237 724 2276 Hac
741 2240 855 2289 urget
872 2238 996 2289 lupus,
1015 2238 1086 2276 hac
1105 2237 1220 2285 canis,
1239 2238 1360 2276 aiunt.

199 2289 371 2328 Mundus
390 2290 474 2338 erit,
493 2304 568 2342 qua
583 2304 662 2329 non
680 2292 847 2330 offendat
866 2292 1051 2339 sordibus,
1070 2293 1185 2342 atque

200 2343 250 2381 In
268 2346 444 2382 neutram
461 2346 611 2395 partem
629 2345 755 2383 cultus
773 2345 898 2384 miser.
954 2345 1033 2384 Hic
1051 2358 1173 2396 neque
1192 2345 1320 2391 servis,

198 2396 338 2435 Albuti
356 2397 455 2435 senis
474 2397 656 2449 exemplo,
675 2398 768 2436 dum
785 2398 917 2436 munia
934 2399 1044 2446 didit,

199 2449 342 2488 Saevus
360 2451 456 2498 erit3
482 2464 552 2489 nec
570 2451 623 2489 sic
641 2453 687 2489 ut
706 2452 866 2503 simplex
884 2452 1054 2490 Naevius
1073 2454 1230 2490 unctam

200 2502 381 2542 Convivis
400 2504 595 2555 praebebit
613 2518 772 2555 aquam3
799 2505 940 2543 vitium
957 2505 1030 2544 hoe
1050 2518 1200 2556 quoque
1218 2518 1413 2555 magnum.

251 2557 392 2608 Accipe
410 2571 522 2605 nunc,
541 2557 665 2596 victus
682 2558 809 2597 tenuis
828 2572 923 2610 quae
941 2560 1158 2610 quantaque
1177 2571 1305 2596 secum

200 2610 359 2649 Afferat.
413 2610 608 2663 Imprimis
625 2611 748 2651 valeas
766 2612 882 2651 bene:
910 2625 1011 2660 nam,
1029 2611 1153 2650 variae
1171 2625 1230 2650 res
