1670 2736
235 104 285 140 88

660 114 837 142 HORATII
857 114 1059 143 CARMINA.

390 207 532 246 Contra
549 210 746 247 sonantem
764 209 926 248 Palladis
944 211 1075 261 aegida

391 261 553 299 Possent
569 261 752 300 mentes?
792 262 899 301 Hinc
915 263 1045 302 avidus
1064 264 1175 303 stetit

443 314 646 361 Vulcanus,
663 314 752 353 hinc
769 318 943 354 matrona
960 316 989 353 J
989 330 1065 355 uno
1083 320 1123 355 et

495 367 703 418 Nunquam
719 368 886 406 humeris
902 369 1094 419 positurus
1112 383 1253 418 arcum,

395 454 468 501 Qui
485 467 568 492 rore
584 467 677 505 puro
697 453 881 493 Castaliae
898 455 994 493 lavit

395 507 524 545 Crines
543 507 698 554 solutos,
717 508 782 558 qui
799 507 938 559 Lyciae
954 510 1062 547 tenet

446 560 616 598 Dumeta
630 560 868 611 natalemque
887 560 1031 608 silvam,

498 613 631 651 Delius
649 615 689 651 et
707 613 890 652 Patareus
906 614 1057 665 Apollo.

395 700 463 738 Vis
482 699 614 738 consili
632 713 760 750 expers
777 700 877 738 mole
894 700 972 738 ruit
991 713 1079 738 sua:

395 753 484 790 Vim
501 755 750 803 temperatam
767 753 805 790 di
823 767 970 804 quoque
987 754 1203 804 provehunt

449 806 498 843 In
516 805 658 856 majus;
684 806 784 844 idem
802 806 911 844 odere
928 806 1025 844 vires

502 858 624 897 Omne
639 859 743 897 nefas
762 859 887 897 animo
903 861 1110 898 moventes.

399 945 522 983 Testis
540 958 708 984 mearum
725 945 959 984 centimanus
978 945 1083 997 Gyas

400 999 690 1045 Sententiarum,
708 1001 822 1037 notus
841 1001 881 1037 et
897 999 1067 1049 integrae

450 1052 633 1090 Tentator
651 1052 767 1090 Orion
785 1051 940 1099 Dianae,

502 1105 682 1156 Virginea
699 1105 865 1143 domitus
883 1104 1036 1156 sagitta.

402 1192 548 1243 Injecta
565 1191 744 1230 monstris
763 1192 880 1230 Terra
895 1191 998 1229 dolet
1017 1191 1093 1229 suis

401 1244 621 1295 Maeretque
638 1247 768 1295 partus
786 1244 943 1282 fulmine
961 1244 1126 1281 luridum

453 1297 592 1335 Missos
612 1298 659 1335 ad
678 1297 840 1344 Orcum3
866 1311 935 1335 nec
952 1297 1097 1347 peredit

505 1350 728 1401 Impositam
746 1350 842 1389 celer
858 1350 959 1401 ignis
976 1350 1152 1396 Aetnam,

405 1437 682 1475 Incontinentis
700 1450 768 1475 nec
787 1437 895 1488 Tityi
907 1437 1014 1488 jecur

403 1489 574 1540 Reliquit
593 1490 679 1537 ales,
697 1490 887 1540 nequitiae
905 1489 1056 1527 additus

455 1542 592 1581 Custos
606 1560 614 1589 ;
641 1545 847 1581 amatorem
864 1544 1054 1580 trecentae

507 1596 723 1634 Pirithoum
742 1596 919 1634 cohibent
938 1597 1100 1634 catenae.
