1670 2736
514 115 529 137 ³
568 123 655 152 m.
674 123 705 151 1.
723 122 852 151 nrrsr.
871 123 903 150 1.

158 220 299 262 Omnia
313 221 355 260 te
371 220 571 260 adversum
587 219 810 271 spectantia,
827 218 932 257 nulla
948 220 1167 257 retrorsum.

156 329 252 369 Pars
267 327 468 368 hominum
485 327 604 379 gestit
621 326 828 366 conducere
844 325 1006 377 publica,
1025 327 1116 365 sunt
1134 326 1200 377 qui

146 381 306 422 Orustis
323 383 364 422 et
379 380 502 434 pomis
519 380 652 419 viduas
669 381 857 419 venentur
874 392 1004 418 avaras

155 435 434 487 Excipiantque
452 447 570 482 senes,
589 447 682 485 quos
699 433 742 471 in
758 432 902 472 vivaria
917 432 1079 472 mittant
1093 450 1102 481 ;

156 489 298 528 Multis
315 487 465 528 occulto
483 487 617 527 crescit
634 500 694 526 res
711 486 874 525 foenore.
928 486 1072 525 Verum

155 542 257 583 Esto
274 541 356 583 aliis
374 541 467 581 alios
483 541 595 580 rebus
613 540 822 591 studiisque
839 540 983 579 teneri:

155 595 269 636 Idem
286 595 416 636 eadem
432 597 593 646 possunt
610 594 744 633 horam
761 594 895 632 durare
911 593 1116 645 probantes
1129 593 1148 632 Ρ

154 649 298 688 Nullus
315 649 357 687 in
374 648 464 688 orbe
480 648 585 686 sinus
603 647 708 686 Baiis
725 647 915 698 praelucet
933 647 1110 695 amoenis,

156 702 199 740 Si
216 702 314 742 dixit
331 701 447 750 dives,
463 701 567 740 lacus
584 702 625 740 et
641 714 745 739 mare
763 700 882 739 sentit
899 713 1066 739 amorem

156 755 395 795 Festinantis
410 755 515 804 heri3
542 754 604 794 cui
621 754 654 794 si
670 754 808 792 vitiosa
823 754 940 793 libido

157 809 308 848 Fecerit
326 808 555 860 auspicium:
584 807 677 846 Cras
694 807 922 846 ferramenta
939 807 1111 846 Teanum

156 862 327 911 Tolletis,
343 861 452 901 fabri.
505 861 648 900 Lectus
666 860 822 913 genialis
839 861 882 899 in
900 861 984 899 aula
1002 863 1082 900 est:

155 916 226 955 Nil
242 915 298 955 ait
315 928 395 955 esse
410 914 526 967 prius,
543 914 679 953 melius
696 914 752 952 nil
769 914 907 953 caelibe
924 914 1028 962 vita;

155 969 197 1007 Si
214 983 292 1009 non
308 971 379 1018 est,
390 968 497 1021 jurat
514 968 610 1007 bene
627 967 716 1006 solis
735 981 814 1007 esse
832 968 990 1006 maritis.

155 1023 240 1071 Quo
256 1025 407 1062 teneam
423 1021 555 1061 vultus
572 1023 789 1060 mutantem
807 1021 947 1060 Protea
963 1022 1063 1060 nodo
1078 1021 1097 1061 Ρ

155 1076 258 1124 Quid
272 1074 445 1128 pauper?
472 1075 593 1114 Ride:
620 1077 748 1113 mutat
766 1075 976 1122 coenacula,
994 1075 1123 1123 lectos,

155 1129 310 1178 Balnea,
325 1131 509 1176 tonsores,
528 1129 715 1167 conducto
732 1129 884 1180 navigio
902 1142 1018 1179 aeque

151 1183 195 1221 N
194 1184 323 1222 auseat
340 1196 384 1222 ac
400 1182 577 1234 locuples,
596 1195 709 1233 quem
727 1182 833 1220 ducit
850 1182 957 1233 priva
973 1182 1150 1221 triremis.

205 1236 247 1275 Si
263 1237 416 1275 curatus
433 1235 620 1286 inaequali
637 1238 790 1274 tonsore
807 1235 961 1286 capillos

153 1289 320 1338 Occurri,
338 1289 459 1337 rides3
486 1289 519 1328 si
535 1289 634 1328 forte
652 1289 835 1327 subucula
850 1302 966 1340 pexae

151 1342 263 1382 Trita
279 1343 409 1382 subest
425 1343 577 1382 tunicae
594 1342 656 1382 vel
673 1343 706 1381 si
722 1344 816 1394 toga
833 1343 989 1381 dissidet
1006 1343 1139 1394 impar,

151 1395 290 1435 Rides:
319 1396 421 1448 quid,
438 1409 524 1435 mea
541 1409 629 1435 cum
645 1398 793 1448 pugnat
811 1396 1002 1435 sententia
1019 1410 1157 1444 secum,

152 1449 264 1498 Quod
279 1450 394 1501 petiit
411 1449 567 1501 spernit,
585 1450 725 1501 repetit
744 1450 845 1500 quod
861 1463 982 1501 nuper
1000 1450 1140 1498 omisit,

151 1503 316 1542 Aestuat
333 1505 374 1542 et
390 1503 493 1542 vitae
510 1503 746 1542 disconvenit
764 1503 894 1541 ordine
911 1506 1009 1551 toto,

152 1556 295 1604 Dimi‘u,
313 1556 497 1603 aedificat,
514 1558 642 1594 mutat
661 1556 844 1607 quadrata.
860 1556 1067 1596 rotundis?

153 1609 324 1650 Insanire
341 1611 454 1660 putas
473 1609 670 1648 sollemnia
686 1623 747 1648 me
765 1623 886 1660 neque
903 1610 1013 1658 rides,

152 1663 237 1702 Nec
254 1663 391 1702 medici
408 1663 527 1702 credis
545 1676 614 1701 nec
632 1663 815 1702 curatoris
833 1676 942 1714 egere

152 1717 190 1754 A
206 1718 378 1768 praetore
397 1715 488 1763 dati,
506 1729 632 1755 rerum
649 1716 772 1754 tutela
789 1730 959 1755 mearum

153 1769 254 1808 Oum
271 1769 322 1808 sis
340 1772 380 1808 et
397 1783 511 1821 prave
529 1768 676 1808 sectum
694 1770 939 1808 stomacheris
957 1770 1006 1809 ob
1024 1784 1191 1822 unguem

153 1823 214 1862 De
230 1825 272 1862 te
289 1823 500 1874 pendentiS‚
513 1825 554 1862 te
571 1823 804 1874 respicientis
822 1824 944 1862 amici.

204 1877 269 1915 Ad
285 1890 494 1915 summam:
523 1877 668 1928 sapiens
686 1890 763 1916 uno
781 1877 905 1916 minor
923 1879 982 1916 est
999 1878 1095 1925 love,
1114 1878 1230 1926 dives,

153 1930 279 1978 Liber,
297 1930 516 1978 honoratm,
534 1930 701 1981 pulcher,
718 1944 784 1969 rex
802 1931 961 1982 denique
978 1945 1134 1983 regum;

154 1983 359 2036 Praecipue
377 1997 502 2032 sanus,
512 1983 593 2022 ‘nisi
611 1998 699 2023 cum
715 1984 858 2036 pituita
874 1985 1035 2024 molesta
1052 1988 1122 2024 est.

1291 114 1368 151 255

74 302 90 309 n
155 275 294 319 Bellus
301 274 511 314 multorum
521 287 560 312 es
571 273 751 325 capitum.
778 273 884 311 Nam
894 272 986 324 quid
995 285 1129 324 sequar
1141 274 1209 310 aut
1222 286 1332 323 quem
1349 272 1367 312 Ρ
