1670 2736
275 107 352 159 282
575 147 577 149 ,
694 116 872 144 nonna
889 117 1124 145 nns'romx.

330 210 504 249 Partitur
520 210 653 249 lintres
672 212 855 250 exercitus
869 228 878 258 3
906 213 1020 251 Actia
1036 226 1165 264 pugna

332 264 386 301 Te
405 264 499 302 duce
515 277 582 314 per
598 277 732 314 pueros
750 265 882 303 hostili
898 279 1002 304 more
1018 266 1200 312 refertur3

330 316 574 354 Adversarius
593 319 652 355 est
669 317 796 364 frater,
814 318 916 356 lacus
936 318 1093 365 Hadria,
1112 319 1229 356 donec

329 370 569 407 Alterutrum
587 370 695 408 velox
712 370 883 409 Victoria
898 371 1029 409 fronde
1046 374 1210 410 coronet.

331 422 551 460 Consentire
570 423 646 460 suis
665 423 799 461 studiis
818 424 883 474 qui
901 424 1099 462 crediderit
1116 427 1168 471 te,

330 476 476 513 Fautor
492 477 652 526 utroque
669 478 782 514 tuum
798 477 967 515 laubabit
983 477 1117 527 pollice
1135 477 1278 516 ludum.

383 528 563 566 Protinus
581 531 626 566 ut
644 542 828 576 moneam,
847 530 879 567 si
897 529 988 580 quid
1005 530 1203 568 monitoris
1222 543 1307 581 eges
1326 533 1382 577 tu,

330 582 430 628 Quid
448 582 494 619 de
512 595 658 632 quoque
675 582 756 620 viro
775 584 814 620 et
833 583 893 620 cui
911 583 1022 629 dicas,
1042 596 1149 633 saepe
1167 583 1305 622 videto.

330 634 639 672 Percontatorem
656 635 792 685 fiigito,
810 649 899 673 nam
917 635 1089 686 garrulus
1106 635 1206 674 idem
1225 640 1294 683 est,

329 687 370 724 N
371 700 412 725 ec
430 687 597 725 retinent
614 688 764 738 patulae
782 688 981 727 commissa
997 688 1158 726 fideliter
1176 702 1293 736 aures,

329 740 385 777 Et
403 740 518 778 semel
535 740 713 778 emissum
729 741 834 779 volat
850 741 1090 780 irrevocabile
1107 742 1275 779 verbum.

329 793 421 830 Non
439 793 573 831 31161113
590 796 702 831 tuum
714 794 821 845 jecur
837 794 979 832 ulceret
997 794 1075 832 ulla
1091 808 1230 844 puerve

329 845 440 883 Intra
457 860 707 884 marmoreum
725 848 926 885 venerandi
942 847 1058 885 limen
1077 847 1198 893 amici,

329 898 391 936 Ne
410 899 584 937 dominus
603 900 708 949 pueri
725 900 872 950 pulchri
890 913 1040 938 caraeve
1058 900 1203 950 puellae

329 951 489 990 Munere
507 955 547 990 te
564 966 679 1003 parvo
697 953 783 991 beet
802 955 868 991 aut
885 953 1144 991 incommodus
1163 955 1290 1004 angat.

365 1005 522 1051 Qualem
540 1006 787 1052 commendes,
805 1006 921 1044 etiam
938 1008 1051 1056 atque
1069 1006 1184 1044 etiam
1202 1006 1361 1056 adspice,
1379 1020 1427 1044 ne
1440 1021 1528 1044 mox

329 1057 526 1096 Incutiant
545 1058 665 1096 aliena
681 1058 754 1097 tibi
771 1061 925 1109 peccata
941 1059 1132 1110 pudorem.

329 1111 514 1148 Fallimur
531 1113 570 1149 et
589 1112 778 1162 quondam
795 1126 872 1150 non
890 1112 1048 1162 dignum
1065 1112 1271 1150 tradimus:
1300 1126 1388 1163 ergo

329 1164 451 1210 Quem
469 1178 537 1202 sua
553 1165 663 1215 culpa
678 1167 835 1215 premet,
855 1165 1032 1215 deceptus
1050 1165 1185 1202 omitte
1201 1166 1313 1212 tueri,

328 1216 386 1254 Ut
404 1217 554 1267 penitus
572 1219 718 1264 notum,
738 1217 770 1255 si
787 1219 939 1256 tentent
959 1217 1125 1263 crimina,
1144 1231 1266 1256 serves

329 1270 552 1320 Tuterisque
569 1272 638 1308 tuo
656 1271 837 1308 fidentem
853 1269 1035 1321 praesidio
1049 1286 1057 1316 ;
1085 1271 1149 1320 qui

328 1322 455 1360 Dente
473 1323 668 1360 Theonino
687 1336 773 1361 cum
791 1323 1088 1369 circumroditur,
1107 1323 1239 1373 ecquid

327 1376 390 1412 Ad
407 1378 447 1413 te
465 1378 552 1425 post
569 1375 680 1426 paulo
698 1377 858 1414 ventura
873 1376 1037 1426 pericula
1054 1376 1203 1414 sentis?

327 1428 431 1465 Nam
448 1431 517 1466 tua
533 1442 592 1466 res
610 1429 747 1479 agitur,
765 1429 885 1479 paries
903 1442 990 1467 cum
1006 1428 1198 1479 proximus
1216 1429 1334 1475 ardet,

329 1481 384 1518 Et
402 1481 575 1532 neglecta
592 1481 715 1519 solent
732 1482 904 1519 incendia
921 1495 1065 1519 sumere
1083 1482 1191 1519 vires.

381 1534 512 1572 Dulcis
530 1534 732 1584 inexpertis
751 1535 899 1572 cultura
915 1534 1082 1585 potentis
1101 1534 1230 1572 amici:

328 1587 519 1637 Expertus
537 1587 687 1625 metuit.
742 1587 813 1634 Tu,
833 1587 925 1625 dum
942 1590 1011 1625 tua
1027 1587 1133 1625 navis
1150 1587 1191 1624 in
1209 1587 1287 1625 alto
1306 1589 1374 1634 est,

328 1640 417 1678 Hoc
435 1654 515 1691 age,
533 1653 581 1678 ne
599 1642 749 1678 mutata
765 1643 972 1678 retrorsum
989 1643 1030 1678 te
1047 1640 1143 1678 ferat
1161 1654 1261 1678 aura.

329 1693 500 1730 Oderunt
518 1693 676 1731 hilarem
692 1693 822 1731 tristes
839 1693 1063 1744 tristemque
1075 1693 1206 1743 jocosi,

329 1746 510 1783 Sedatum
529 1746 675 1793 celeres,
694 1746 831 1796 agilem
848 1759 1060 1796 navumque
1077 1746 1221 1784 remissi
1235 1763 1244 1793 3

332 1798 508 1848 [Potores
526 1799 645 1836 bibuli
662 1799 785 1836 media
803 1799 848 1836 (16
865 1801 977 1837 1106116
995 1798 1162 1848 Falerni]

329 1851 501 1889 Oderunt
518 1854 690 1902 porrecta
706 1854 909 1902 negantem
926 1851 1070 1902 pocula,
1089 1852 1258 1902 quamvis

328 1904 547 1942 Nocturnos
559 1905 662 1955 jures
680 1907 720 1942 te
737 1904 936 1942 formidare
953 1918 1118 1955 vapores.

328 1957 449 1995 Deme
468 1958 662 2008 supercilio
680 1958 841 2004 nubem;
867 1957 1087 2007 plerumque
1103 1957 1295 1995 modestus

328 2010 496 2060 Occupat
514 2010 662 2048 obscuri
680 2010 851 2060 speciem,
868 2010 1080 2047 taciturnus
1099 2010 1231 2048 acerbi.

381 2062 490 2100 Inter
508 2065 644 2101 cuncta
659 2063 760 2113 leges
779 2065 818 2100 et
835 2063 1101 2113 percontabere
1118 2063 1261 2109 doctos,

329 2116 412 2162 Qua
428 2116 572 2154 ratione
590 2129 702 2176 queas
719 2116 913 2153 traducere
930 2116 1064 2153 leniter
1081 2129 1236 2162 aevum3

328 2169 435 2205 Num
452 2171 492 2206 te
511 2182 655 2218 semper
672 2169 779 2218 inops
798 2168 919 2218 agitet
936 2170 1119 2218 vexetque
1137 2168 1282 2218 cupido,

327 2221 435 2258 Num
452 2235 568 2271 pavor
585 2223 624 2258 et
642 2234 768 2259 rerum
784 2221 1021 2259 mediocriter
1037 2221 1190 2259 utilium
1208 2234 1312 2271 spes3

327 2274 523 2312 Virtutem
540 2274 711 2312 doctrina
727 2276 845 2324 paret,
863 2276 1047 2311 naturane
1065 2274 1201 2320 donet;

327 2327 427 2373 Quid
440 2327 588 2364 minuat
606 2340 724 2373 curas,
743 2326 834 2377 quid
850 2329 891 2364 te
907 2326 980 2364 tibi
997 2327 1130 2364 reddat
1148 2326 1333 2364 amicum·
1325 2357 1335 2371 ‚

327 2380 427 2426 Quid
445 2392 536 2430 pure
553 2379 783 2429 tranquillet,
801 2379 921 2417 honos
940 2393 988 2416 an
1006 2379 1113 2417 dulce
1130 2379 1317 2425 lucellum,

327 2433 391 2469 An
409 2435 596 2470 secretum
612 2433 686 2470 iter
704 2434 743 2470 et
761 2432 924 2469 fallentis
943 2433 1078 2470 semita
1095 2432 1207 2469 vitae.

379 2485 446 2522 Me
464 2485 610 2535 quoties
627 2485 748 2523 reficit
766 2485 911 2535 gelidus
930 2484 1113 2535 Digentia
1129 2485 1243 2531 rivus,

327 2538 448 2584 Quem
467 2538 647 2575 Mandela
663 2537 772 2585 bibit,
790 2551 949 2588 rugosus
967 2537 1105 2588 frigore
1122 2550 1253 2588 pagus,

327 2591 427 2637 Quid
445 2590 583 2628 sentire
600 2593 712 2640 putas
727 2590 744 2628 P
773 2590 863 2640 quid
880 2590 1009 2637 credis,
1028 2590 1156 2637 amice,
1175 2589 1317 2639 precari
1334 2588 1351 2626 Ρ
