1670 2736
611 101 694 129 mn.
714 101 763 130 11.
783 102 910 131 cnm.
928 103 986 132 π.
1372 93 1425 132 57

472 1269 652 1308 omum
668 1269 860 1308 VL-An
879 1271 1133 1309 SEPTIMIUM.

374 1356 546 1408 Septimi,
566 1356 690 1396 Gades
708 1357 856 1396 aditure
873 1371 1022 1396 mecum
1040 1361 1080 1397 et

374 1410 609 1449 Cantabrum
625 1410 823 1450 indoctum
836 1411 932 1463 juga
948 1412 1043 1450 ferre
1062 1414 1192 1450 nostra
1208 1414 1248 1450 et

374 1463 560 1503 Barbarae
579 1464 722 1515 Syrtes,
740 1465 807 1503 ubi
825 1465 963 1504 Maura
980 1479 1125 1517 semper

531 1517 695 1556 Aestuat
712 1518 826 1565 unda,

375 1570 496 1609 Tibur
509 1571 636 1622 Argeo
653 1571 822 1622 positum
840 1572 971 1610 colono

376 1623 437 1661 Sit
454 1636 558 1662 meae
577 1624 681 1662 sedes
699 1624 848 1662 utinam
866 1628 1048 1672 senectae,

377 1676 437 1715 Sit
454 1677 588 1715 modus
605 1677 703 1715 lasso
721 1677 834 1715 maris
853 1680 892 1716 et
910 1679 1056 1716 viarum

534 1729 772 1781 Militiaeque
789 1731 796 1769 !

377 1783 490 1822 Unde
509 1783 541 1821 si
560 1783 699 1822 Parcae
717 1784 921 1835 prohibent
938 1785 1099 1836 iniquae,

375 1836 498 1875 Dulce
515 1837 654 1887 pellitis
673 1838 805 1876 ovibus
825 1838 973 1876 Galaesi

377 1890 540 1928 Flumen
558 1893 598 1929 et
616 1893 774 1941 regnata
791 1894 919 1942 petam
938 1892 1081 1930 Laconi

532 1943 640 1982 Rura
658 1944 886 1983 Phalantho.

377 1997 450 2036 Ille
468 1999 656 2035 terrarum
673 1998 769 2036 mihi
786 2001 934 2049 praeter
952 2012 1081 2038 omnes

375 2051 550 2101 Angulus
568 2051 678 2098 ridet,
696 2051 763 2090 ubi
780 2065 857 2090 non
876 2052 1070 2103 Hymetto

376 2104 494 2142 Mella
511 2103 697 2142 decedunt
714 2104 898 2156 viridique
917 2108 1038 2144 certat

532 2157 634 2196 Baca
651 2158 837 2205 Venafr03

375 2210 452 2248 Ver
469 2210 535 2249 ubi
552 2211 710 2262 longum
727 2211 948 2263 tepidasque
965 2213 1119 2264 praebet

375 2263 529 2314 Jupiter
548 2265 711 2312 brumas,
731 2267 771 2303 et
789 2265 931 2304 amicus
949 2266 1077 2304 Aulon

377 2316 512 2355 Fertili
529 2317 680 2356 Baccho
698 2318 898 2357 minimum
917 2319 1086 2358 Falernis

533 2370 687 2410 Invidet
705 2372 800 2410 uvis.

377 2422 448 2461 Ille
465 2425 506 2461 te
522 2437 671 2463 mecum
688 2425 791 2463 locus
810 2427 849 2464 et
867 2426 998 2464 beatae

377 2476 580 2515 Postulant
598 2490 722 2525 arces3
740 2478 794 2517 ibi
811 2481 857 2517 tu
875 2479 1059 2517 calentem

378 2529 520 2568 Debita
537 2543 687 2581 sparges
705 2531 858 2570 lacrima
876 2532 1041 2570 favillam

534 2583 643 2622 Vatis
662 2584 782 2622 amici.
