1670 2736
602 117 686 145 Iam.
706 117 774 144 111.
794 115 922 144 cARM.
940 116 1018 144 VII.

470 349 651 389 omn
668 348 885 387 VIL-An
904 348 1130 387 AerRmN.

331 449 434 497 Quid
450 448 530 496 fles,
548 448 711 496 Asterie,
730 461 845 499 quem
862 447 936 486 tibi
954 447 1104 486 candidi

331 502 462 541 Primo
479 502 687 541 restituent
704 515 791 540 vere
810 501 972 540 Favonii

381 556 522 608 Thyna
537 569 662 595 merce
678 556 846 603 beatum,

434 609 658 648 Constantis
671 609 852 661 juvenem
870 608 955 663 fide,

329 707 500 759 Gygen?
546 707 621 747 Ille
639 707 756 746 Notis
775 709 883 746 actus
901 707 950 746 ad
968 706 1124 745 Oricum

329 761 426 800 Post
443 761 576 800 insana
593 761 737 812 Caprae
755 761 877 799 sidera
893 760 1050 812 frigidas

382 815 530 854 Noctes
547 817 626 854 non
643 815 723 853 sine
740 814 874 852 multis

436 868 629 907 Insomnis
645 868 810 907 lacrimis
828 868 922 919 agit.

330 967 454 1019 Atqui
472 967 655 1006 sollicitae
672 967 831 1005 nuntius
849 966 1034 1018 hospitae,

332 1021 526 1073 Suspirare
544 1020 694 1060 Chloen
712 1023 752 1059 et
769 1021 946 1059 miseram
963 1020 1041 1059 tuis

385 1074 528 1113 Dicens
544 1074 698 1126 ignibus
715 1073 787 1121 uri,

441 1128 585 1167 Tentat
601 1128 707 1167 mille
724 1128 828 1166 vafer
844 1127 979 1166 modis.

328 1227 388 1266 Ut
407 1227 592 1266 Proetum
609 1226 746 1265 mulier
763 1226 907 1278 perfida
924 1226 1120 1265 credulum

330 1280 454 1320 Falsis
470 1280 666 1332 impulerit
685 1280 917 1327 criminibus,
936 1279 1050 1318 nimis

382 1334 499 1373 Casto
517 1333 809 1386 Bellerophonti

434 1388 633 1427 Maturare
651 1401 794 1436 necem,
813 1387 941 1426 refert.

333 1487 478 1525 Narrat
495 1500 613 1538 paene
631 1487 766 1526 datum
784 1487 899 1526 Pelea
917 1487 1089 1534 Tartaro,

329 1540 576 1592 Magnessam
593 1541 837 1592 Hippolyten
855 1541 948 1578 dum
964 1540 1067 1592 fugit
1085 1539 1300 1587 abstinens3

382 1594 438 1631 Et
456 1607 608 1645 peccare
626 1595 804 1633 docentes

435 1647 570 1686 Fallax
586 1647 765 1686 historias
782 1649 924 1686 movet.

332 1746 514 1784 Frustra:
533 1759 624 1784 nam
641 1745 804 1797 scopulis
823 1745 970 1783 surdior
988 1744 1089 1783 Icari

332 1799 452 1837 Voces
471 1799 579 1838 audit
597 1799 720 1838 adhuc
738 1799 900 1850 integer.
955 1799 1012 1837 At
1029 1799 1104 1837 tibi

385 1853 447 1891 Ne
465 1853 611 1891 vicinus
631 1853 801 1904 Enipeus

438 1906 532 1945 Plus
544 1906 652 1958 justo
665 1906 825 1958 placeat,
845 1919 956 1953 eave3

333 2005 516 2052 Quamvis
532 2019 611 2044 non
629 2005 724 2044 alius
742 2005 894 2044 flectere
912 2018 1053 2056 equum
1072 2004 1192 2043 sciens

334 2059 465 2110 Aeque
483 2059 713 2111 conspicitur
731 2058 903 2111 gramine
922 2058 1079 2105 Martio,

386 2112 427 2150 N
428 2126 470 2151 ec
489 2113 689 2164 quisquam
707 2112 807 2151 citus
827 2125 944 2163 aeque

440 2166 564 2205 Tusco
582 2167 740 2206 denatat
759 2166 880 2204 alveo.

336 2263 466 2303 Prima
483 2267 596 2304 nocte
614 2266 771 2305 domum
790 2265 922 2304 claude
939 2278 1062 2316 neque
1080 2264 1121 2302 in
1141 2264 1220 2302 vias

336 2317 415 2356 Sub
434 2321 550 2357 cantu
568 2319 744 2370 querulae
764 2319 912 2370 despice
930 2318 1059 2366 tibiae,

389 2371 445 2409 Et
462 2374 504 2411 te
522 2386 630 2424 saepe
648 2372 803 2411 vocanti

443 2425 591 2465 Duram
609 2426 771 2466 difficilis
789 2439 911 2464 mane.

1391 106 1442 144 93
