1670 2736
252 115 329 152 208
617 129 620 132 ⁴
697 125 873 152 Homrn
893 124 1076 152 5111111111.

307 219 513 266 Canidiam,
530 219 687 280 pedibus
705 219 827 266 nudis,
844 232 1026 270 passoque
1044 218 1189 270 capillo,

306 272 405 310 Cum
423 272 571 323 Sagana
587 273 727 323 majore
743 272 965 310 ululantem.
1020 272 1146 310 Pallor
1163 273 1341 321 utrasque

308 325 465 363 Fecerat
482 325 686 363 horrendas
705 325 891 375 adspecta.
946 325 1116 375 Scalpere
1134 326 1275 363 terram

307 378 522 429 Unguibus,
541 380 580 416 et
598 378 740 428 pullam
758 378 931 416 divellere
947 377 1136 416 mordicus
1155 390 1292 428 agnam

307 430 542 481 Coeperunt:
571 444 680 469 cruor
696 431 738 468 in
755 431 894 469 fossam
911 430 1098 477 confusus,
1116 432 1161 468 ut
1178 430 1265 468 inde

308 483 442 522 Manes
461 483 648 530 elicerent,
667 483 809 522 animas
827 496 1005 534 responsa
1022 483 1186 521 daturas.

308 537 435 574 Lanea
453 538 492 574 et
510 536 649 587 effigies
668 538 760 583 erat,
779 536 897 574 altera
914 549 1039 582 cerea;
1065 536 1184 587 major

308 589 446 636 Lanea,
466 603 559 639 quae
576 589 706 639 poenis
725 590 975 639 compesceret
993 588 1218 627 inferiorem.

309 642 425 680 Cerea
442 642 660 693 suppliciter
679 642 817 688 stabat,
836 641 1031 680 servilibus
1049 643 1094 679 ut
1113 654 1207 692 quae

309 695 337 732 J
339 709 401 732 am
417 695 585 746 peritura
601 695 734 733 modis.
789 695 965 732 Hecaten
981 695 1093 732 vocat
1111 694 1239 741 altera,
1258 706 1407 732 saevam

308 748 442 786 Altera
459 747 712 798 Tisiphonen:
740 749 930 798 serpentes
949 749 1062 798 atque
1079 747 1223 785 videres

307 801 480 839 Infernas
499 813 619 839 errare
638 814 757 847 canes,
777 800 1000 851 Lunamque
1017 800 1228 846 rubentem,

307 854 370 892 Ne
388 854 486 892 foret
503 854 563 891 his
581 853 703 900 testis,
722 855 809 904 post
827 866 966 904 magna
983 853 1101 891 latere
1119 853 1299 903 sepulcra.

309 907 480 945 Mentior
499 909 538 944 at
557 906 590 944 si
607 906 708 957 quid,
726 906 864 944 merdis
883 907 996 956 caput
1014 906 1188 956 inquiner
1205 905 1297 944 albis

311 959 530 1006 Oorvorum,
550 961 662 1010 atque
679 959 720 997 in
738 972 798 997 me
815 958 944 997 veniat
961 958 1122 996 mictum
1139 960 1253 1009 atque
1272 959 1444 997 cacatum

311 1012 449 1059 Julius,
469 1015 507 1050 et
525 1012 669 1063 fragilis
689 1011 860 1050 Pediatia
876 1012 1009 1063 furque
1026 1011 1210 1050 Voranus.

311 1065 468 1116 Singula
486 1065 576 1116 quid
593 1065 828 1103 memorem?
857 1078 930 1115 quo
947 1066 1058 1115 pacto
1077 1064 1222 1102 alterna
1238 1064 1441 1115 loquentes-

311 1119 477 1156 Umbrae
497 1132 583 1156 cum
602 1118 749 1169 Sagana
766 1119 985 1156 resonarent
1002 1117 1114 1155 triste
1132 1118 1171 1154 et
1190 1116 1375 1155 acutum?

311 1171 442 1222 thue
459 1171 539 1222 lupi
556 1172 711 1209 barbam
728 1171 851 1208 variae
870 1184 956 1208 cum
974 1170 1086 1208 dente
1104 1170 1276 1208 colubrae

311 1224 537 1262 Abdiderint
554 1224 688 1261 furtim
704 1224 826 1270 terris,
845 1225 884 1261 et
901 1222 1065 1274 imagine
1083 1235 1188 1260 cerea

312 1277 471 1328 Largior
488 1277 620 1315 arserit
637 1276 748 1327 ignis,
767 1278 806 1314 et
823 1278 868 1313 ut
886 1289 963 1314 non
980 1275 1090 1313 testis
1107 1275 1252 1312 inultus

312 1330 536 1368 Horruerim
553 1343 662 1368 voces
681 1329 882 1367 Furiarum
899 1331 938 1366 et
955 1328 1056 1366 facta
1073 1328 1231 1365 duarum
1247 1345 1255 1365 :

312 1383 427 1430 Nam,
442 1383 603 1433 displosa
620 1384 729 1420 sonat
747 1383 932 1432 quantum
949 1381 1082 1427 vesica,
1099 1380 1232 1431 pepedi

312 1436 465 1474 Diffissa
482 1438 570 1474 nate
588 1435 701 1473 ficus:
730 1437 770 1472 at
787 1435 872 1472 illae
890 1447 1035 1472 currere
1052 1434 1093 1471 in
1109 1434 1253 1471 urbem.

312 1488 489 1526 Canidiae
507 1489 649 1534 dentes,
668 1488 789 1525 altum
807 1487 975 1537 Saganae
993 1486 1222 1524 caliendrum

313 1541 495 1580 Excidere
514 1543 626 1592 atque
643 1541 777 1578 herbas
796 1542 909 1590 atque
926 1540 1120 1578 incantata
1136 1538 1284 1577 lacertis

313 1594 473 1632 Vincula
490 1608 577 1632 cum
595 1607 733 1645 magno
750 1593 900 1643 risuque
913 1593 1072 1643 jocoque
1090 1592 1244 1630 videres.

766 1853 920 1891 SATIRA
947 1852 1019 1890 IX.

316 1953 425 1991 Ibam
443 1953 540 1991 forte
558 1951 619 1989 via
637 1951 760 1998 Sacra,
778 1951 876 1988 sicut
894 1963 1000 1988 meus
1019 1951 1078 1987 est
1096 1962 1191 1994 mos,

315 2005 453 2043 Nescio
473 2005 562 2055 quid
579 2004 766 2042 meditans
785 2016 983 2054 nugarum,
1001 2002 1136 2040 totus
1126 2015 1166 2038 111
1184 2001 1280 2039 illis:

315 2058 491 2096 Accurrit
509 2057 661 2108 quidam
678 2059 791 2094 notus
809 2055 904 2093 mihi
920 2055 1071 2093 nomine
1088 2057 1253 2100 tantum,

316 2113 550 2161 Arreptaque
568 2123 706 2147 manu·
735 2109 836 2156 Quid
853 2109 945 2159 agis,
964 2107 1176 2146 dulcissime
1193 2119 1342 2145 rerum.
1332 2105 1350 2135 ἲ)

317 2164 500 2210 Suaviter,
519 2165 564 2200 ut
581 2176 682 2200 nunc
701 2164 770 2208 est,
789 2162 954 2212 inquam,
973 2163 1012 2199 et
1031 2160 1139 2211 cupio
1157 2159 1284 2198 omnia
1301 2172 1394 2209 quae
1411 2158 1479 2195 vis.

317 2217 415 2254 Cum
433 2230 491 2254 ass
493 2217 699 2254 ectaretur:
728 2193 837 2252 N’um
854 2214 945 2265 quid
961 2214 1042 2252 vis.
1032 2213 1050 2242 ‘¹³
1078 2226 1229 2263 occupo.
1283 2212 1339 2249 At
1357 2211 1430 2257 ille,

316 2269 432 2308 Noris
450 2283 529 2315 nos,
547 2268 694 2319 inquit;
721 2268 824 2305 docti
842 2280 983 2306 sumus.
1038 2266 1116 2304 Hic
1135 2279 1216 2317 ego,
1236 2265 1360 2302 Pluris

316 2323 416 2369 Hoc,
435 2322 602 2382 inquam,
615 2321 711 2358 1111111
729 2320 811 2358 eris.
867 2320 1008 2357 Misere
1027 2319 1214 2357 discedere
1232 2331 1422 2368 quaerenS,

317 2376 380 2413 Ire
398 2375 510 2413 1110ᾶο
529 2375 643 2420 ocius,
661 2373 854 2411 interdum
871 2372 1088 2419 consistere,
1106 2372 1147 2409 in
1165 2384 1294 2409 aurem

316 2428 451 2465 Dicere
469 2427 593 2465 nescio
612 2426 702 2477 quid
727 2439 854 2476 puero,
873 2439 959 2463 cum
977 2425 1090 2463 sudor
1108 2424 1183 2462 ad
1173 2437 1269 2461 111105

317 2481 494 2518 Manaret
512 2481 622 2518 talos.
677 2479 710 2516 O
728 2482 779 2525 te,
799 2479 954 2525 Bolane,
973 2477 1113 2516 cerebri

316 2533 482 2571 Felicem
497 2534 504 2571 1
533 2533 677 2570 aiebam
694 2532 834 2569 tacitus
849 2548 858 2578 ;
885 2544 972 2568 cum
990 2530 1172 2581 quidlibet
1190 2529 1252 2566 ille

317 2586 498 2633 Garriret,
517 2585 631 2632 vicos,
651 2586 783 2623 urbem
799 2584 980 2622 laudaret.
1037 2583 1094 2620 Ut
1112 2582 1167 2620 illi
