1670 2736
589 116 681 143 nn.
700 115 754 143 11:
769 114 895 143 omn.
914 116 963 143 11.
1359 107 1409 144 53

321 1091 500 1131 Onnum
518 1091 695 1130 IL—AJ)
714 1091 758 1130 C.
778 1093 1020 1131 SALusTmM
1038 1093 1239 1134 CRISPUM.

413 1190 553 1229 Nullus
572 1192 730 1242 argento
748 1190 849 1229 color
866 1193 925 1229 est
942 1192 1063 1230 avaris

414 1244 559 1282 Abdito
576 1244 699 1291 terris,
716 1244 867 1283 inimice
884 1244 1030 1284 lamnae

414 1296 545 1349 Crispe
563 1297 716 1345 Salusti,
733 1297 807 1336 nisi
823 1300 1035 1349 temperato

622 1351 825 1402 Splendeat
842 1365 925 1390 usu.

414 1438 530 1477 Vivet
548 1440 703 1477 extento
722 1438 938 1478 Proculeius
957 1453 1059 1487 aevo,

414 1492 544 1530 Notus
561 1492 602 1530 in
619 1492 754 1531 fratres
772 1493 889 1531 animi
906 1494 1076 1543 paterni3

415 1545 533 1583 Illum
551 1548 640 1597 aget
657 1559 781 1596 penna
798 1548 992 1584 metuente
1009 1547 1104 1585 solvi

627 1598 748 1637 Fama
765 1602 964 1650 superstes.

419 1684 555 1722 Latius
572 1697 706 1736 regnes
725 1685 878 1723 avidum
895 1685 1082 1724 domando

417 1737 615 1788 Spiritum,
635 1751 748 1788 quam
766 1738 798 1776 si
817 1737 980 1790 Libyam
996 1740 1151 1778 remotis

417 1791 586 1830 Gadibus
598 1791 738 1842 jungas
757 1794 796 1830 et
814 1794 972 1844 uterque
991 1792 1139 1831 Poenus

625 1844 774 1883 Serviat
791 1845 870 1883 uni.

415 1931 562 1970 Crescit
579 1931 779 1983 indulgens
798 1932 870 1971 sibi
886 1932 990 1971 dirus
1007 1933 1185 1985 hydrOPS,
1242 1969 1253 1976 ,.

417 1985 501 2023 Nee
518 1985 625 2023 sitim
637 1985 756 2036 pellit,
774 1985 847 2023 nisi
865 1999 977 2024 causa
993 1987 1116 2025 morbi

417 2038 578 2089 Fugerit
595 2038 700 2077 venis
717 2041 758 2077 et
776 2052 936 2090 aquosus
954 2039 1038 2078 albo

627 2091 791 2143 Corpore
807 2093 977 2144 languor.

418 2178 626 2218 Redditum
647 2178 739 2230 Cyri
756 2179 848 2218 solio
867 2179 1060 2218 Phraaten

417 2232 615 2271 Dissidens
633 2232 734 2283 plebi
751 2246 909 2271 numero
928 2233 1125 2272 beatorum

418 2285 566 2324 Eximit
584 2285 717 2324 Virtus
735 2286 991 2338 populumque
1009 2287 1111 2325 falsis

626 2339 798 2378 Dedoeet
814 2339 874 2378 uti

418 2426 594 2474 Vocibus,
612 2440 773 2478 regnum
790 2429 830 2466 et
849 2427 1021 2466 diadema
1037 2430 1168 2466 tutum

418 2479 599 2518 Deferens
617 2480 685 2518 uni
702 2481 962 2532 propriamque
980 2481 1139 2527 laurum,

416 2532 594 2584 Quisquis
612 2533 785 2584 ingentes
804 2534 910 2573 oculo
928 2534 1104 2572 irretorto

626 2586 781 2637 Spectat
799 2600 959 2626 acervos,
