1670 2736
290 114 367 154 278
593 154 595 156 ,
709 126 887 154 nomm
905 127 1143 156 mmm.

343 219 534 267 Delectat,
554 220 586 259 si
602 222 644 259 te
660 221 785 271 pulvis
804 222 1058 273 strepitusque
1075 225 1262 272 rotarum,

344 273 385 310 Si
402 273 518 311 laedit
536 286 715 324 caupona,
735 274 985 313 Ferentinum
1002 276 1056 314 ire
1069 276 1233 327 jubebo3

343 326 447 363 Nam
465 339 586 376 neque
604 326 787 365 divitibus
805 328 1035 379 contingunt
1053 329 1192 380 gaudia
1208 330 1312 378 solis,

342 378 426 417 Nee
443 379 540 417 vixit
558 379 666 426 male,
686 380 750 430 qui
767 382 881 418 natus
899 381 1135 432 moriensque
1151 382 1299 421 fefellit.

343 431 383 469 Si
401 432 575 482 prodesse
592 432 672 470 tuis
687 433 875 483 pauloque
891 434 1091 485 benignius
1108 435 1233 485 ipsum

343 484 397 522 Te
414 486 579 523 tractare
595 485 711 533 voles,
729 486 880 524 accedes
898 486 1016 524 siccus
1035 488 1083 525 ad
1100 490 1273 526 unctum.

342 537 383 574 Si
400 538 601 588 pranderet
620 538 713 585 olus,
731 539 931 589 patienter,
949 539 1103 590 regibus
1118 541 1179 579 uffi

341 590 383 627 N
384 590 476 628 ollet
493 591 723 642 Aristippus.
778 592 819 629 Si
837 592 949 630 sciret
966 593 1121 643 regibus
1135 594 1207 640 uti,

341 643 549 681 Fastidiret
567 644 660 691 olus,
679 645 744 695 qui
760 658 822 683 me
838 647 961 683 notat.
1020 645 1154 684 Utmius
1169 647 1308 685 horum

340 696 466 734 Verba
482 697 616 747 probes
634 698 674 735 et
691 697 802 744 facta,
821 698 923 745 doce,
941 698 1003 736 vel
1014 698 1144 749 junior
1161 699 1260 746 audi,

341 748 420 786 Cur
437 749 488 787 sit
506 750 695 800 Aristippi
711 750 838 801 potior
856 751 1068 798 sententia,
1094 765 1260 803 namque

340 802 562 840 Mordacem
581 802 767 853 Cynicum
785 803 837 841 sic
855 804 1041 851 eludebat,
1059 806 1105 842 ut
1123 805 1231 843 aiunt
1243 821 1254 843 τ

341 855 497 893 Scurror
515 869 585 906 ego
603 856 682 906 ipse
700 856 806 903 mihi,
824 857 963 907 populo
980 859 1048 904 tu3
1066 858 1206 896 rectius
1223 858 1296 896 hoc
1313 860 1355 896 et

341 908 579 958 Splendidius
598 909 721 947 multo
740 911 809 947 est.
838 909 971 960 Equus
989 911 1034 948 ut
1052 923 1114 948 me
1130 913 1270 961 portet,
1289 911 1367 949 alat
1383 924 1465 958 rex,

341 961 516 999 Officium
532 962 651 1000 facio:
669 964 715 1000 tu
731 962 856 1012 poscis
870 962 961 1000 vilia
976 976 1117 1010 rerum,

340 1014 469 1052 Dante
487 1014 621 1061 minor,
641 1015 812 1065 quamvis
828 1015 902 1053 fers
919 1017 962 1053 te
978 1015 1122 1053 nullius*
1137 1018 1324 1067 egentem.

392 1067 526 1105 Omnis
543 1068 783 1119 Aristippum
801 1068 927 1106 decuit
945 1069 1046 1107 color
1063 1071 1104 1107 et
1120 1070 1244 1107 status
1262 1071 1303 1107 et
1319 1082 1394 1116 res,
1434 1119 1436 1121 ι

340 1120 569 1158 Tentantem
588 1121 740 1172 majora,
758 1122 834 1159 fere
851 1121 1111 1172 praesentibus
1130 1135 1306 1172 aequum.

341 1172 494 1220 Contra,
514 1187 626 1224 quem
645 1174 784 1225 duplici
800 1188 925 1224 panno
946 1174 1132 1224 patientia
1147 1174 1261 1222 velat,

340 1226 521 1272 Mirabor,
539 1226 642 1265 vitae
657 1227 721 1264 via
738 1227 771 1264 si
788 1240 966 1265 conversa
983 1227 1141 1265 decebit.

338 1279 448 1316 Alter
465 1293 696 1330 purpureum
712 1293 790 1317 non
807 1279 1022 1330 expectabit
1041 1279 1238 1326 amictum,

340 1331 532 1378 Quidlibet
550 1332 708 1370 indutus
725 1332 963 1370 celeberrima
979 1345 1045 1383 per
1061 1332 1145 1370 loca
1160 1333 1286 1379 vadet,

341 1384 618 1435 Personamque
636 1385 732 1423 feret
749 1399 826 1423 non
843 1385 1089 1423 inconcinnus
1107 1387 1331 1436 utramque3

341 1438 451 1475 Alter
469 1437 598 1475 Mileti
614 1440 762 1476 textam
779 1451 869 1476 cane
886 1438 992 1488 pejus
1005 1440 1046 1476 et
1063 1438 1179 1489 angui

340 1490 490 1528 Vitabit
508 1491 757 1541 chlamydem,
775 1491 958 1528 morietur
974 1490 1124 1541 frigore,
1143 1491 1175 1528 si
1192 1503 1270 1528 non

340 1543 553 1581 Rettuleris
568 1557 748 1594 pannum.
803 1543 918 1581 Refer
936 1545 975 1581 et
994 1543 1073 1581 sine
1090 1543 1196 1581 vivat
1213 1543 1380 1593 ineptus.

393 1596 470 1634 Res
488 1610 616 1647 gerere
634 1599 674 1634 et
692 1598 822 1647 captos
839 1596 1037 1634 ostendere
1053 1596 1196 1634 civibus
1214 1596 1346 1634 hostes

340 1649 517 1700 Attingit
536 1650 671 1688 solium
690 1649 718 1687 J
720 1650 800 1687 ovis
818 1652 858 1687 et
877 1649 1051 1687 caelestia
1067 1650 1218 1687 tentat:

341 1702 580 1752 Principibus
597 1703 779 1753 placuisse
796 1702 886 1739 viris
904 1715 981 1740 non
998 1702 1135 1740 ultima
1150 1702 1232 1740 laus
1251 1703 1324 1739 est.

340 1755 432 1792 Non
450 1755 567 1793 cuivis
585 1755 730 1794 homini
749 1755 940 1806 contingit
957 1755 1058 1792 adire
1077 1754 1319 1793 Corinthum.
