1670 2736
266 124 343 164 176
731 139 908 167 nonam
925 140 1061 168 m‘om.

421 231 546 282 Urget
564 232 664 271 diem
681 246 756 271 nox
774 236 813 272 et
831 234 908 273 dies
926 237 1089 284 noctem,
1107 250 1227 289 neque
1245 241 1303 277 est

421 285 564 323 Levare
580 287 690 324 tenta
707 286 843 337 spiritu
859 289 1084 337 praecordia.

421 338 526 388 Ergo
543 341 726 389 negatum
742 339 872 378 vincor
889 343 934 378 ut
953 341 1101 380 credam
1118 344 1242 390 miser,

423 390 568 429 Sabella
584 394 716 441 pectus
734 392 923 443 increpare
942 394 1107 433 carmina

421 443 618 494 Caputque
637 445 766 482 Marsa
783 445 941 484 dissilire
958 447 1079 485 nenia.

424 496 524 543 Quid
542 497 700 547 amplius
717 497 806 536 vis?
835 498 868 535 O
886 512 999 546 mare,
1019 500 1052 537 Ο
1071 502 1182 548 terra,
1200 502 1322 549 ardeo,

424 550 619 595 Quantum
637 564 757 601 neque
775 553 858 588 atro
877 551 1066 590 delibutus
1085 553 1270 592 Hercules

427 602 541 639 Nessi
558 616 699 650 cruore,
716 617 785 641 nec
803 604 936 642 Sicana
952 605 1094 643 fervida

428 655 563 693 Virens
580 655 622 693 in
639 656 765 694 Aetna
781 656 954 704 fiamma;
972 659 1028 704 tu,
1048 659 1164 697 donec
1183 661 1275 698 cinis

427 708 624 758 Injuriosis
644 709 768 746 aridus
786 710 910 747 ventis
928 710 1036 757 ferar,

427 760 534 798 Cales
551 762 703 799 venenis
722 762 868 800 officina
885 762 1080 801 Colchicis.

428 814 532 860 Quae
549 815 635 852 finis
653 817 720 853 aut
738 816 838 865 quod
855 829 916 854 me
933 819 1062 854 manet
1081 817 1341 868 stipendium?

427 867 554 905 Effare
568 884 576 914 ;
589 867 713 919 jussas
732 882 818 906 cum
835 869 909 907 fide
927 882 1064 919 poenas
1082 870 1196 918 luam,

428 919 589 958 Paratus
608 921 765 971 expiare,
784 935 849 959 seu
866 922 1076 971 poposceris

429 972 594 1010 Centum
606 974 798 1024 juveneoS,
817 974 895 1012 sive
912 975 1082 1013 mendaci
1098 975 1181 1026 lyra

427 1025 540 1063 Voles
559 1027 703 1065 sonari:
722 1029 769 1064 tu
786 1027 931 1077 pudica,
949 1030 996 1065 tu
1012 1028 1129 1078 proba

428 1078 709 1118 Perambulabis
727 1082 830 1118 astra
847 1080 949 1118 sidus
968 1094 1133 1118 aureum.

429 1131 588 1169 Infamis
607 1133 776 1171 Helenae
795 1132 930 1171 Castor
948 1134 1110 1171 offensus
1128 1134 1249 1171 vicem

429 1185 636 1235 Fraterque
654 1186 784 1236 magni
802 1185 979 1232 Castoris,
998 1186 1091 1224 victi
1107 1200 1226 1236 prece,

426 1238 618 1288 Adempta
634 1239 715 1276 vati
732 1239 923 1276 reddidere
941 1239 1094 1276 lumina.

430 1290 486 1328 Et
504 1293 561 1337 tu,
579 1293 687 1341 potes
705 1305 804 1338 nam,
824 1291 924 1329 solve
942 1305 1003 1329 me
1021 1291 1220 1338 dementia,

428 1343 461 1379 O
480 1357 548 1381 nec
566 1344 731 1394 paternis
750 1344 917 1382 obsoleta
934 1345 1116 1391 sordibus,

425 1396 559 1446 Neque
576 1397 617 1434 in
635 1397 811 1447 sepulcris
828 1410 1033 1447 pauperum
1050 1398 1213 1447 prudens
1231 1410 1323 1434 anus

425 1448 676 1488 Novendiales
695 1450 872 1500 dissipare
889 1450 1070 1500 pulveres.

427 1502 513 1539 Tibi
530 1503 715 1553 hospitale
732 1505 864 1553 pectus
882 1505 921 1541 et
939 1516 1052 1552 purae
1071 1516 1215 1550 manus,

427 1555 603 1605 Tuusque
621 1558 753 1594 venter
771 1555 1023 1602 Paemmeius,
1042 1557 1081 1593 et
1098 1558 1167 1593 tuo

426 1607 566 1646 Cruore
583 1609 715 1646 rubros
734 1608 918 1646 obstetrix
934 1621 1077 1658 pannos
1094 1608 1200 1655 lavit,

424 1660 629 1711 Utcunque
646 1662 754 1699 fortis
773 1661 877 1699 exilis
895 1674 1086 1711 puerpera„

368 1766 455 1804 Com.
487 1767 587 1814 Quid
604 1767 785 1806 obseratis
804 1767 955 1805 auribus
973 1767 1099 1804 fundis
1117 1764 1275 1818 preces?

421 1819 512 1857 Non
531 1833 618 1858 saxa
635 1821 746 1858 nudis
765 1820 932 1858 surdiora
950 1819 1089 1857 navitis

420 1873 626 1923 Neptunus
645 1873 721 1911 alto
739 1873 869 1910 tundit
887 1873 1064 1910 hibernus
1083 1873 1171 1910 salo.

421 1925 575 1963 Inultus
593 1928 638 1963 ut
655 1928 702 1964 tu
718 1926 842 1964 riseris
862 1925 1037 1975 Cotyttia

417 1978 595 2029 Vulgata,
614 1992 761 2017 sacrum
777 1978 884 2016 liberi
903 1977 1109 2028 Cupidinis,

418 2031 474 2068 Et
492 2032 680 2082 Esquilini
697 2031 867 2082 pontifex
883 2030 1039 2068 venefici

418 2083 580 2134 Impune
597 2087 642 2122 ut
660 2085 791 2122 urbem
809 2084 960 2122 nomine
977 2082 1142 2132 impleris
1161 2081 1276 2120 meo?

417 2137 518 2183 Quid
534 2138 710 2187 proderat
729 2137 867 2175 ditasse
886 2136 1062 2187 Pelignas
1081 2149 1185 2182 anus,

415 2189 635 2228 Velociusve
653 2190 846 2227 miscuisse
863 2189 1033 2227 toxicum
1047 2187 1064 2226 Ρ

415 2242 489 2280 Sed
505 2243 671 2280 tardiora
686 2243 767 2280 fata
782 2244 823 2280 te
840 2242 939 2280 votis
957 2242 1131 2279 manent:

419 2295 578 2346 Ingrata
594 2295 730 2333 misero
747 2295 828 2333 vita
846 2295 1015 2333 ducenda
1032 2296 1090 2331 est
1108 2293 1150 2330 in
1167 2293 1252 2339 hoc,

418 2349 540 2386 Novis
558 2350 603 2386 ut
620 2361 738 2398 usque
756 2350 932 2398 suppetas
944 2346 1146 2385 laboribus.

416 2403 536 2451 Optat
555 2401 720 2451 quietem
737 2401 887 2451 Pelopis
904 2400 1013 2438 infidi
1030 2401 1149 2449 pater,

413 2455 542 2504 Egens
559 2454 742 2504 benignae
761 2453 942 2491 Tantalus
970 2465 1115 2502 semper
1133 2449 1249 2500 dapis,

414 2507 534 2557 Optat
553 2506 801 2544 Prometheus
820 2506 1008 2556 obligatus
1027 2504 1119 2551 aliti,

414 2560 533 2610 Optat
552 2573 724 2609 supremo
743 2559 919 2597 collocare
937 2558 1121 2608 Sisyphus
1237 2606 1245 2614 .

419 2613 467 2649 In
485 2614 615 2650 monte
634 2626 787 2660 saxum3
806 2612 871 2650 sed
887 2613 1021 2650 vetant
1038 2610 1138 2660 leges
1158 2607 1185 2644 J
1187 2620 1278 2645 ovls.
