1670 2736
466 1089 646 1128 ΟΔΒΜΕΝ
664 1090 819 1130 I.-AJ)
837 1091 1148 1131 MAECENATEM.

430 1198 665 1240 Misenus
682 1201 804 1240 atavis
821 1202 923 1241 edite
941 1202 1106 1255 regibus,

378 1251 412 1290 Ο
432 1254 474 1291 et
489 1254 719 1304 praesidium
737 1257 776 1294 et
795 1255 902 1294 dulce
921 1256 1034 1295 decus
1052 1269 1192 1303 meum,

377 1305 478 1345 Sunt
498 1320 592 1358 quos
610 1308 795 1348 curriculo
813 1310 1008 1360 pulverem
1026 1309 1272 1362 Olympicum

379 1358 585 1412 Collegisse
596 1360 721 1413 juvat,
739 1365 916 1415 metaque
933 1362 1087 1402 fervidis

430 1447 592 1487 Evitata
607 1449 702 1488 rotis
720 1450 918 1502 palmaque
936 1450 1073 1490 nobilis

375 1500 578 1540 Terrarum
595 1502 766 1542 dominos
785 1505 913 1543 evehit
932 1504 981 1543 ad
998 1505 1087 1543 deos
1101 1521 1110 1552 3

379 1553 510 1602 Hunc,
528 1555 562 1594 si
578 1556 777 1595 mobilium
794 1558 908 1596 turba
926 1557 1135 1605 Quiritium

378 1607 513 1647 Oertat
529 1610 750 1661 tergeminis
768 1611 900 1649 tollere
918 1611 1147 1660 honoribus;

429 1695 558 1744 Illum,
577 1697 611 1735 si
627 1697 777 1748 proprio
796 1698 966 1738 condidit
983 1699 1130 1747 horreo,

376 1748 570 1801 Quidquid
586 1750 633 1789 de
650 1750 805 1803 Libycis
822 1752 986 1791 verritur
1003 1753 1110 1791 areis.

375 1802 617 1842 Gaudentem
633 1805 775 1855 patrios
794 1805 935 1844 findere
953 1806 1098 1845 sarculo

374 1856 500 1907 Agros
518 1857 697 1896 Attalicis
716 1858 995 1898 conditionibus

427 1943 638 1996 Nunquam
655 1945 857 1994 dimoveas,
874 1949 921 1985 ut
939 1948 1047 1986 trabe
1066 1947 1206 1999 Cypria

374 1996 579 2049 Myrtoum
596 1999 753 2050 pavidus
771 2002 889 2039 nauta
907 2003 1009 2039 secet
1026 2014 1140 2040 mare.

374 2050 607 2090 Luctantem
625 2052 756 2091 Icariis
774 2054 955 2093 fiuctibus
971 2054 1146 2093 Africum
1224 2090 1235 2097 ,.

375 2103 569 2144 Mercator
585 2108 771 2155 metuenS,
789 2107 913 2146 otium
931 2110 971 2146 et
989 2108 1117 2159 oppidi

426 2192 579 2231 Laudat
594 2207 682 2232 rura
699 2195 779 2243 sui3
806 2208 896 2234 mox
913 2195 1036 2234 reficit
1053 2197 1153 2234 rates

374 2245 549 2295 Quassus,
565 2247 737 2286 indocilis
755 2249 971 2300 pauperiem
988 2249 1081 2300 pati.

373 2298 449 2337 Est
462 2300 528 2351 qui
544 2313 614 2339 nec
631 2301 769 2340 veteris
787 2303 921 2353 pocula
939 2302 1096 2341 Massici

372 2351 415 2390 N
415 2365 457 2390 ec
474 2355 623 2404 partem
640 2355 758 2394 solido
777 2355 926 2395 demere
944 2356 990 2394 de
1009 2356 1069 2394 die

426 2439 590 2491 Spernit,
608 2455 710 2481 nunc
727 2442 839 2481 viridi
856 2443 1028 2482 membra
1044 2443 1114 2481 sub
1133 2443 1267 2482 arbuto

374 2492 538 2542 Stratus,
555 2508 657 2534 nunc
676 2496 724 2534 ad
741 2510 858 2547 aquae
875 2497 959 2535 lene
978 2499 1092 2547 caput
1110 2510 1244 2535 sacrae.

375 2545 524 2585 Multos
542 2550 667 2587 castra
678 2549 818 2600 juvant
836 2552 876 2588 et
892 2550 990 2588 lituo
1008 2550 1123 2588 tubae

375 2598 594 2639 Permixtus
611 2602 759 2641 sonitus
776 2603 947 2654 beanue
965 2603 1151 2642 matribus
