1670 2736
251 116 329 153 230
606 103 608 106 ¹
692 125 868 154 nommn
888 124 1071 153 slsum.

658 264 1002 298 ‘’xlxffl-mme-rxffimm.

577 290 658 350 ‚ll-<7¹7
664 297 692 325 μ
701 294 714 321 l
722 291 734 320 Ι
743 281 1016 339 GWQ

562 328 584 356 “
605 330 770 381 xxx
829 324 1039 370 ψ’.ἐτειΗωεε-,ικιυ
1064 371 1073 378 ,s
1141 339 1145 347 ²

777 326 812 369 ’ἣν

1038 921 1101 935 ιμῖί,

316 1591 435 1638 Fecit,
454 1605 540 1629 cum
559 1591 694 1629 stravit
711 1591 808 1628 ferro
825 1605 937 1641 pecus
950 1591 969 1629 P
995 1591 1194 1630 Abstinuit
1210 1591 1289 1628 vim

314 1644 439 1681 Uxore
458 1646 496 1681 et
515 1646 653 1694 gnat03
679 1644 779 1681 mala
796 1644 917 1682 multa
934 1647 1105 1694 precatus
1123 1644 1281 1690 Atridis,

313 1697 403 1734 Non
421 1697 482 1734 ille
500 1699 566 1734 aut
585 1697 771 1735 Teucrum
790 1698 856 1734 aut
873 1697 997 1747 ipsum
1013 1697 1169 1735 violavit
1186 1696 1339 1734 Ulixen.

313 1750 454 1786 Verum
473 1763 553 1800 ego,
572 1752 617 1787 ut
635 1750 830 1787 haerentes
849 1751 1002 1788 adverso
1019 1750 1129 1788 litore
1146 1763 1259 1788 naves

314 1803 519 1852 Eriperem,
538 1803 699 1852 prudens
717 1802 861 1852 placavi
879 1803 1059 1854 sanguine
1077 1803 1193 1841 divos.

313 1855 460 1905 Nempe
478 1858 558 1902 tuo,
575 1855 723 1893 furiose.
778 1855 880 1901 Meo,
899 1856 964 1893 sed
980 1869 1057 1894 non
1075 1856 1246 1893 furiosus.

315 1908 388 1954 Qui
407 1908 543 1958 species
562 1908 651 1946 alias
668 1907 765 1945 veris
784 1908 1001 1958 scelerisque
1018 1908 1188 1946 tumultu

314 1960 526 1998 Permixtas
544 1960 676 2011 capiet,
695 1963 905 1998 commotus
922 1961 1132 2007 habebitur,
1151 1963 1274 2010 atque,

316 2013 537 2050 Stultitiane
555 2015 664 2060 erret,
682 2013 843 2050 nihilum
861 2013 1028 2060 distabit,
1047 2027 1095 2051 an
1112 2014 1178 2051 ira.

314 2066 411 2116 Ajax
429 2066 636 2103 immeritos
655 2079 741 2103 cum
759 2066 905 2112 occidit,
924 2066 1070 2116 desipit,
1089 2079 1204 2116 agnos
1219 2082 1227 2103 :

316 2118 413 2155 Cum
430 2119 592 2168 prudens
611 2118 729 2156 scelus
748 2119 795 2156 ob
812 2118 945 2156 titulos
964 2118 1134 2156 admittis
1151 2118 1291 2164 inanes,

316 2172 401 2208 Stas
415 2171 539 2208 animo
553 2173 592 2208 et
605 2184 742 2220 purum
756 2173 814 2208 est
823 2171 917 2209 vitio
930 2171 1014 2218 tibi,
1028 2185 1115 2209 cum
1127 2171 1318 2208 tumidum
1331 2170 1400 2215 est,
1413 2181 1476 2206 cor
1489 2167 1506 2205 Ρ

317 2224 356 2260 Si
375 2224 457 2273 quis
475 2224 607 2261 lectica
623 2223 783 2261 nitidam
801 2226 948 2273 gestare
966 2226 1066 2262 amet
1084 2237 1232 2274 agnam,

316 2276 420 2313 Huic
438 2278 593 2322 vestem,
611 2278 656 2313 ut
674 2278 822 2326 gnatae,
840 2278 946 2326 paret
965 2276 1127 2323 ancillas,
1145 2278 1251 2327 paret
1269 2287 1412 2321 aurum,

317 2329 457 2366 Rufam
475 2331 541 2366 aut
559 2329 741 2366 Pusillam
759 2329 920 2378 appellet
938 2329 1099 2379 fortique
1116 2329 1253 2366 marito

317 2382 494 2419 Destinet
512 2395 688 2428 uxorem3
714 2381 915 2419 interdicto
933 2382 1021 2420 huic
1039 2395 1150 2419 omne
1168 2381 1308 2419 adimat
1321 2380 1383 2430 jus
1456 2419 1459 2423 ,

318 2434 474 2471 Praetor
492 2437 531 2471 et
549 2435 597 2471 ad
614 2447 722 2471 sanos
741 2434 849 2471 abeat
867 2435 989 2472 tutela
1005 2435 1243 2484 propinquos.

318 2487 447 2533 Quid?
475 2487 506 2524 si
525 2487 607 2537 quis
625 2488 780 2537 gnatam
797 2500 864 2536 pro
882 2489 990 2524 muta
1007 2488 1164 2525 devovet
1183 2499 1289 2537 agna,

314 2539 470 2589 Integer
487 2542 545 2577 est
564 2539 710 2577 animi?
737 2539 799 2576 Ne
818 2539 963 2577 dixeris.
1017 2540 1132 2590 Ergo,
1151 2539 1216 2576 ubi
1233 2551 1347 2589 prava

320 2592 504 2639 Stultitia,
522 2592 584 2630 hic
603 2605 751 2630 summa
768 2594 826 2630 est
847 2592 1011 2639 insania3
1039 2592 1103 2642 qui
1121 2592 1332 2637 sceleratus,
