1670 2736
636 123 720 151 LIB.
739 124 769 151 Ι.
790 124 875 151 ΕΔΤ.
894 124 990 152 VIII.

641 1345 797 1383 SATIRA
824 1344 943 1383 VIII.

219 1434 322 1472 Olim
339 1436 498 1473 truncus
516 1447 619 1473 eram
637 1435 810 1482 ficulnus,
829 1435 965 1474 inutile
983 1435 1143 1487 lignum,

218 1487 318 1526 Cum
335 1487 450 1535 faber,
468 1488 636 1526 incertus
655 1502 853 1526 scamnum
870 1489 1059 1528 faceretne
1078 1490 1272 1541 Priapum,

217 1541 361 1579 Maluit
379 1554 459 1580 esse
476 1542 601 1580 deum.
656 1542 763 1580 Deus
781 1542 869 1581 inde
887 1555 970 1593 ego,
988 1543 1116 1581 furum
1135 1545 1335 1595 aviumque

217 1594 391 1633 Maxima
406 1595 568 1633 formido
585 1612 593 1642 ;
611 1609 702 1633 nam
719 1595 820 1634 fures
839 1596 973 1634 dextra
991 1600 1139 1635 coercet

218 1647 488 1699 Obscoenoque
506 1649 619 1687 ruber
635 1651 832 1699 porrectus
851 1650 898 1687 ab
911 1649 1068 1700 inguine
1086 1651 1215 1701 palus3

215 1702 291 1740 Ast
308 1701 546 1752 importunas
563 1702 732 1740 volucre-s
750 1702 791 1740 in
808 1703 949 1741 vertice
967 1704 1111 1742 arundo
1199 1729 1202 1734 -

215 1754 350 1793 Terret
367 1755 444 1793 fixa
460 1757 641 1806 vetatque
659 1756 767 1794 novis
786 1756 978 1795 considere
995 1757 1036 1794 in
1054 1758 1188 1796 hortis.

214 1808 306 1846 Huc
323 1808 428 1859 prius
445 1809 619 1860 angustis
637 1809 756 1860 ejecta
773 1810 954 1848 cadavera
971 1810 1073 1849 cellis

213 1861 427 1900 Conservus
444 1862 511 1900 vili
528 1862 716 1914 portanda
732 1863 881 1902 locabat
898 1863 940 1901 in
958 1877 1053 1902 arca.

212 1914 302 1954 Hoc
320 1915 478 1954 miserae
495 1916 597 1967 plebi
615 1917 743 1955 stabat
761 1930 962 1955 commune
980 1918 1205 1969 sepulcrum,

213 1967 426 2008 Pantolabo
445 1981 592 2008 scurrae
611 1969 931 2021 Nomentanoque
949 1972 1101 2022 nepoti:

212 2021 322 2061 Mille
339 2023 452 2074 pedes
469 2023 511 2061 in
528 2023 666 2071 fronte,
684 2025 876 2062 trecentos
895 2025 1026 2076 cippus
1044 2025 1085 2063 in
1104 2039 1238 2077 agmun

211 2075 290 2114 Hic
308 2076 444 2115 dabat:
464 2076 636 2115 Heredes
653 2079 947 2116 monumentum
963 2092 1012 2117 ne
1031 2083 1260 2130 sequeretur.

210 2128 328 2168 Nunc
345 2129 436 2169 lieet
454 2130 637 2181 Esquiliis
655 2131 828 2170 habitare
846 2132 1058 2170 salubribus
1078 2136 1192 2184 atque

211 2183 364 2234 Aggere
382 2183 423 2221 in
441 2184 566 2234 aprico
586 2184 753 2235 spatiari,
772 2199 847 2236 quo
866 2186 978 2224 modo
996 2186 1128 2224 tristes

209 2236 318 2274 Albis
337 2236 539 2275 informem
557 2238 780 2288 spectabant
799 2238 945 2277 ossibus
964 2253 1121 2291 agrum3

210 2289 310 2327 Cum
326 2289 423 2328 mihi
441 2304 518 2329 non
535 2293 691 2329 tantum
709 2292 883 2343 furesque
901 2292 1074 2344 feraeque
1094 2296 1225 2332 suetae

210 2342 329 2381 Hunc
346 2357 482 2382 vexare
499 2344 626 2382 locum
645 2359 756 2383 curae
774 2348 866 2384 sunt
885 2348 999 2398 atque
1017 2347 1148 2394 labori,

209 2396 407 2443 Quantum
420 2397 648 2436 carminibus
669 2412 764 2450 quae
782 2402 936 2437 versant
955 2402 1069 2451 atque
1088 2401 1243 2438 venenis

210 2449 413 2488 Humanos
433 2451 577 2489 animos
592 2468 601 2498 ;
620 2452 688 2490 has
706 2453 811 2491 nullo
830 2453 983 2504 perdere
1001 2467 1155 2504 possum

208 2502 292 2541 Nee
311 2503 509 2554 prohibere
526 2505 651 2552 modo,
671 2506 784 2544 simul
803 2519 845 2544 ac
863 2520 962 2558 vaga
979 2507 1070 2545 luna
1087 2507 1266 2545 decorum

207 2555 378 2595 Protulit
396 2570 449 2604 os,
469 2558 560 2609 quin
579 2572 663 2597 ossa
680 2558 811 2610 legant
829 2560 1039 2611 herbasque
1057 2564 1248 2599 nocentes.

205 2609 295 2647 Vidi
312 2613 465 2662 egomet
482 2611 593 2663 nigra
610 2613 842 2652 succinctam
859 2614 995 2652 vadere
1012 2614 1112 2665 palla

1375 115 1452 152 207
