1670 2736
477 147 480 150 ‹
558 129 642 158 m.
661 129 710 157 11.
731 129 816 156 ΕΔΤ.
834 129 931 157 VIII.

293 239 410 267 nsura
424 227 494 266 tuo
511 238 707 277 nunquam
725 226 783 264 est
800 237 868 276 par
885 224 986 272 fama
1002 223 1133 262 labori.

167 281 282 330 Tene,
299 283 346 320 ut
363 293 434 332 ego
452 279 612 331 accipiar
627 279 743 326 laute,
761 277 972 329 torquerier
990 277 1095 316 omni

167 333 429 375 sollicitudine
446 332 675 380 districtum,
693 345 741 371 ne
757 331 865 383 panis
884 331 1053 378 adustus,

166 388 229 427 Ne
245 387 344 427 male
362 387 560 427 conditum
571 386 635 438 jus
654 387 876 437 apponatur,
894 386 941 423 ut
961 397 1091 423 omnes

167 441 381 480 Praecincti
397 442 499 480 recte
516 439 623 491 pueri
641 438 858 490 comptique
874 437 1114 476 ministrent!

167 494 276 534 Adde
293 495 364 534 hos
381 497 573 546 praeterea
590 506 708 540 casus,
728 492 858 531 aulaea
874 493 988 530 ruant
1007 490 1050 539 si,

166 548 226 587 Ut
243 549 378 595 modo;
405 547 435 586 si
454 547 625 598 patinam
641 546 735 597 pede
751 546 878 597 lapsus
895 545 1048 596 frangat
1066 556 1190 595 agaso.

167 601 242 640 Sed
258 600 509 640 convivatoris
526 599 587 639 uti
604 599 709 638 ducis
726 598 923 650 ingenium
939 611 999 636 res

166 655 357 694 Advorsae
374 654 516 693 nudare
534 653 668 700 solent,
688 652 807 691 celare
825 651 1019 691 secundae.

167 708 396 747 Nasidienus
414 708 463 746 ad
479 708 593 746 haec:
621 706 710 745 Tibi
727 706 777 753 di,
798 717 1040 756 quaecunque
1057 704 1230 755 preceris,

169 761 377 801 Commoda
394 761 486 799 dent
501 761 510 799 1
538 760 604 798 Ita,
619 759 679 797 vir
696 760 818 798 bonus
836 772 875 797 es
893 758 1124 807 convivaque
1143 757 1271 795 comis.

169 815 225 854 Et
243 815 360 854 soleas
377 814 511 866 poscit.
566 813 667 851 Tum
682 812 725 850 111
741 812 840 851 lecto
859 824 1006 863 quoque
1023 810 1168 849 videres

169 868 335 907 Stridore
353 869 496 906 secreta
512 867 651 905 divisos
668 879 757 904 aure
775 878 958 904 susurros.

169 921 310 960 Nullos
327 921 387 960 his
404 920 556 959 mallem
573 917 682 958 ludos
701 921 890 971 spectasse
904 935 913 966 ;
941 918 1006 957 sed
1023 918 1089 956 illa

171 975 303 1014 Redde
321 988 401 1026 age,
419 987 514 1024 quae
532 973 705 1024 deinceps
722 972 852 1011 risisti.
908 971 1082 1010 Vibidius
1100 972 1192 1010 dum

172 1027 329 1077 Quaerit
345 1027 392 1071 de
408 1027 544 1079 pueris,
562 1040 656 1065 num
675 1026 726 1065 sit
744 1039 891 1077 quoque
908 1025 1028 1064 fracta
1044 1025 1190 1076 lagena,

172 1081 283 1130 Quod
299 1081 372 1120 sibi
387 1080 559 1132 poscenti
575 1094 653 1118 non
666 1080 806 1118 dantur
822 1078 968 1130 pocula,
987 1078 1151 1130 dumque

170 1134 336 1174 Ridetur
351 1134 452 1173 fictis
469 1147 596 1172 rerum
614 1133 819 1172 Balatrone
837 1132 1011 1178 secundo,

169 1187 385 1235 Nasidiene,
402 1187 501 1226 redis
518 1189 689 1225 mutatae
707 1186 855 1234 frontis,
874 1188 919 1224 ut
938 1187 1019 1224 arte

171 1241 452 1281 Emendaturus
469 1241 685 1288 fortunam3
712 1240 846 1279 deinde
864 1238 985 1278 secuti

171 1295 399 1334 Mazonomo
416 1294 523 1346 pueri
540 1307 680 1345 magno
699 1293 887 1345 discerpta
903 1293 1065 1331 ferentes

172 1348 349 1388 Membra
365 1348 469 1399 gruis
487 1347 606 1399 sparsi
623 1347 699 1386 sale
716 1347 851 1394 multo,
868 1360 946 1385 non
965 1346 1044 1384 sine
1062 1346 1158 1384 farre
1174 1363 1183 1393 3

173 1401 385 1453 Pinguibus
403 1403 443 1440 et
460 1401 541 1440 ficis
558 1402 713 1452 pastum
725 1401 833 1452 jecur
851 1399 991 1439 anseris
1010 1399 1115 1437 albae

171 1455 228 1494 Et
245 1455 416 1506 leporum
433 1455 593 1501 avulsos,
611 1456 657 1492 ut
674 1455 797 1492 multo
815 1453 977 1501 suavius,
997 1465 1131 1500 armos,

173 1508 297 1556 Quam
314 1508 346 1547 si
363 1522 451 1547 cum
467 1507 606 1546 lumbis
625 1507 708 1558 quis
727 1507 806 1546 edit
820 1524 829 1554 ;
855 1509 942 1545 tum
959 1508 1111 1558 pectore
1129 1506 1266 1544 adusto

171 1561 347 1600 Vidimus
365 1563 405 1600 et
422 1561 583 1600 merulas
601 1561 691 1612 poni
709 1562 748 1599 et
766 1561 846 1599 sine
864 1560 974 1598 clune
991 1559 1198 1610 palumbes,

174 1614 314 1653 Suaves
331 1627 402 1662 res,
421 1614 453 1653 si
470 1628 548 1653 non
566 1627 694 1652 causas
712 1615 882 1652 narraret
900 1626 1029 1651 earum
1047 1615 1087 1651 et

174 1668 343 1707 Naturas
361 1668 557 1715 dominus3
585 1680 697 1718 quem
714 1680 783 1706 nos
802 1667 855 1705 sic
872 1666 1040 1717 fugimus
1058 1666 1142 1714 ulti,

175 1721 235 1760 Ut
251 1721 348 1760 nihil
365 1721 518 1760 omnino
536 1723 786 1773 gustaremus,
805 1720 910 1759 velut
927 1719 1003 1757 illis

175 1774 333 1814 Canidia
349 1775 510 1814 afflasset
527 1775 630 1827 pejor
648 1773 882 1826 serpentibus
901 1773 1015 1811 Afris.

1302 117 1380 154 249
