1670 2736
265 112 344 150 284
586 154 588 156 v
685 122 863 150 nomem
881 123 1115 152 nmsrom.

318 217 408 255 Hoc
426 216 539 255 simul
557 216 666 264 edixi,
684 231 763 256 11011
780 231 968 256 cessavere
985 220 1121 269 poetae

319 270 519 309 Nocturno
538 272 679 308 certare
696 284 812 317 mero,
829 273 962 321 putere
980 271 1127 309 diurno.

374 323 485 370 Quid,
504 323 537 361 si
554 323 636 373 quis
654 323 767 362 vultu
783 326 893 362 torvo
911 324 1011 362 ferus
1030 326 1069 362 et
1086 324 1180 375 pede
1197 324 1300 364 nudo

320 376 564 426 Exiguaeque
581 378 695 427 togae
713 376 865 415 simulet
882 378 1030 415 textore
1050 377 1245 424 Catonem,

319 428 562 467 Virtutemne
579 431 833 480 repraesentet
850 443 1046 480 moresque
1064 429 1252 469 Catonis?

320 481 443 532 Rupit
461 482 653 520 Jarbitam
671 482 889 533 Timagenis
908 483 1054 521 aemula
1070 483 1214 534 11118113,

319 534 426 572 Dum
444 535 573 573 studet
590 535 754 573 urbanus
772 535 970 586 tenditque
988 536 1150 574 disertus
1168 536 1310 575 haberi.

320 588 474 638 Decipit
492 588 681 638 exemplar
697 588 801 626 vitiis
818 588 1023 636 imitabile3
1051 589 1152 639 quod
1169 589 1202 626 si

321 640 506 679 Pallerem
525 654 624 688 casu,
642 641 814 679 biberent
832 655 1019 692 exsangue
1038 641 1243 679 cuminum.

321 693 354 730 Ο
372 693 593 741 imitatores,
612 707 763 732 servum
779 707 903 744 pecuS‚
921 697 967 732 ut
985 694 1081 732 mihi
1099 707 1207 745 saepe

321 746 456 793 Bilem,
476 760 584 797 saepe
597 746 728 797 jocum
745 747 863 785 vestri
880 761 1031 786 movere
1047 747 1260 785 tumultus!

320 799 457 837 Libera
473 813 539 850 per
556 813 717 837 vacuum
734 800 843 850 posui
859 800 1021 851 vestigia
1037 800 1221 850 princeps,

320 852 412 890 Non
430 852 550 890 aliena
567 866 651 890 meo
669 853 787 903 pressi
804 853 909 903 pede.
964 853 1039 900 Qui
1057 853 1130 891 sibi
1146 853 1244 899 fidit,

320 905 411 942 Dux
428 905 527 956 regit
546 918 712 943 examen.
767 905 898 944 Parios
917 919 986 957 ego
1004 906 1148 956 primus
1166 906 1310 944 iambos

321 958 481 996 Ostendi
500 958 623 1005 Latio,
642 972 817 996 numeros
836 958 1052 1009 animosque
1070 960 1221 997 secutus

320 1011 550 1057 Archilochi,
568 1025 646 1049 non
663 1025 721 1049 res
740 1013 779 1050 et
798 1012 950 1062 agentia
966 1012 1081 1050 verba
1098 1011 1329 1063 Lycamben.

321 1064 379 1101 Ac
397 1077 444 1102 ne
462 1077 522 1102 me
540 1064 638 1102 foliis
656 1064 739 1102 ideo
757 1064 989 1103 brevioribus
1007 1078 1127 1111 ornes,

322 1117 433 1164 Quod
449 1117 563 1155 timui
580 1119 727 1155 mutare
745 1117 876 1155 modos
894 1119 934 1155 et
952 1117 1125 1155 carminis
1143 1117 1285 1155 artem:

321 1170 522 1220 Temperat
540 1170 760 1208 Archilochi
778 1170 933 1208 Musam
949 1171 1044 1221 pede
1061 1170 1227 1208 mascula
1244 1170 1407 1221 Sappho,

321 1222 522 1273 Temperat
540 1223 712 1270 Alcaeus,
728 1223 793 1261 sed
810 1224 920 1261 rebus
934 1225 974 1261 et
992 1223 1121 1261 ordine
1139 1223 1275 1273 dispar,

320 1275 403 1313 Nec
421 1289 590 1313 socerum
608 1276 765 1326 quaerit,
785 1289 897 1326 quem
914 1276 1082 1314 versibus
1101 1275 1246 1314 oblinat
1264 1275 1367 1323 atris,

321 1328 404 1366 Nec
422 1341 578 1379 sponsae
595 1328 772 1379 laqueum
789 1328 932 1366 famosa
950 1329 1112 1367 carmine
1129 1328 1262 1366 nectit.

321 1381 439 1418 Hunc
457 1394 527 1431 ego
545 1394 622 1419 non
636 1381 708 1419 alio
727 1381 873 1419 dietum
890 1381 993 1432 prius
1011 1395 1074 1419 ore
1093 1381 1253 1419 Latinus

320 1433 485 1484 Vulgavi
503 1434 660 1471 fidicen·
652 1434 795 1485 ,juvat
812 1434 1077 1472 immemorata
1093 1434 1277 1472 ferentem

322 1486 504 1537 Ingenuis
524 1487 713 1537 oculisque
730 1487 806 1537 legi
824 1487 1070 1537 manibusque
1087 1487 1220 1524 teneri.

373 1540 473 1578 Scire
491 1539 595 1586 velis,
613 1553 698 1578 mea
716 1554 782 1577 cur
800 1540 973 1590 ingratus
994 1539 1172 1591 opuscula
1188 1539 1307 1577 lector

321 1592 470 1630 Laudet
488 1594 662 1643 ametque
681 1593 794 1639 domi,
812 1595 959 1643 premat
977 1595 1084 1631 extra
1100 1592 1244 1630 11111811
1233 1592 1408 1643 miquus.
1385 1590 1416 1620 ³²

321 1645 413 1683 Non
431 1659 501 1696 ego
519 1648 696 1683 ventosae
714 1645 833 1696 plebis
852 1645 1029 1696 suffragia
1044 1658 1161 1683 venor

321 1698 508 1748 Impensis
527 1711 726 1736 coenarum
744 1701 783 1736 et
797 1698 911 1736 tritae
930 1711 1084 1736 munere
1101 1698 1241 1744 vestis3

321 1751 413 1788 Non
431 1764 513 1801 ego,
531 1749 729 1789 nobilium
734 1751 960 1801 scriptorum
979 1751 1128 1789 auditor
1145 1753 1185 1789 et
1202 1728 1316 1797 ultor,

321 1804 597 1841 Grammaticas
616 1804 757 1842 ambire
774 1804 897 1842 tribus
915 1806 954 1842 et
972 1803 1119 1854 pulpita
1137 1803 1292 1854 dignor:

321 1856 426 1894 Hine
444 1856 531 1894 illae
548 1857 732 1894 lacrimae.
788 1857 922 1907 Spissis
940 1857 1097 1907 indigna
1113 1856 1274 1894 theatris

321 1909 470 1959 Scripta
485 1909 603 1960 pudet
621 1910 777 1947 recitare
796 1912 835 1947 et
852 1909 964 1960 nugis
983 1910 1116 1947 addere
1133 1909 1292 1959 pondus,

321 1962 362 1998 Si
380 1962 478 2000 dixi:
499 1962 627 2008 Rides,
647 1963 712 2009 ait,
732 1964 771 2000 et
789 1962 817 1999 J
819 1962 898 2000 ovis
917 1962 1067 2000 auribus
1085 1962 1160 1999 ista

321 2015 476 2061 Servas3
495 2015 579 2052 fidis
599 2015 699 2052 enim
717 2028 868 2053 manare
886 2015 1036 2065 poetica
1053 2014 1164 2052 mella

321 2067 376 2104 Te
395 2067 528 2114 solum,
546 2067 620 2105 tibi
637 2067 803 2117 pulcher.
857 2068 921 2106 Ad
937 2068 1029 2105 11388
1047 2080 1117 2118 880
1134 2066 1287 2105 naribus
1305 2067 1363 2104 uti

322 2120 500 2158 Formido
519 2122 569 2166 et,
587 2120 767 2158 luctantis
787 2122 898 2158 acuto
916 2134 963 2158 ne
982 2133 1083 2158 secer
1100 2119 1231 2170 ungui,

321 2172 507 2222 Displicet
525 2173 598 2211 iste
615 2173 730 2219 locus,
749 2173 880 2220 clamo,
899 2175 938 2211 et
957 2173 1096 2210 diludia
1113 2186 1237 2223 posco.

320 2225 451 2263 Ludus
470 2226 571 2263 enim
588 2226 721 2276 genuit
739 2225 931 2276 trepidum
944 2228 1133 2264 certamen
1152 2227 1191 2263 et
1209 2225 1314 2272 iram,

321 2278 386 2316 Ira
402 2281 527 2316 truces
545 2278 761 2317 inimicitias
780 2282 819 2317 et
833 2279 987 2317 funebre
1005 2279 1156 2317 bellum.
