1670 2736
654 120 732 149 AB·
751 121 939 150 Pontum.
1356 116 1434 153 309

215 1179 309 1218 Non
326 1179 426 1218 circa
441 1179 557 1218 vilem
574 1179 825 1231 pabulumque
842 1178 1047 1217 moraberis
1067 1177 1208 1225 orbem,

215 1232 300 1272 Nec
316 1233 432 1272 verbo
449 1233 609 1272 verbum
627 1232 775 1271 curabis
792 1232 946 1271 reddere
964 1231 1062 1269 fidus

215 1285 422 1338 Inter-pres,
440 1299 511 1325 nee
528 1286 675 1325 desilies
693 1286 866 1324 imitator
883 1286 926 1323 in
943 1287 1103 1332 arctum,

215 1339 329 1379 Unde
345 1340 481 1392 pedem
497 1340 663 1392 proferre
679 1339 802 1391 pudor
818 1341 925 1378 vetet
943 1341 1011 1377 aut
1030 1338 1151 1390 operis
1169 1338 1240 1376 lex.

266 1393 351 1432 Nec
369 1393 423 1432 sic
440 1393 608 1445 incipies,
626 1395 672 1431 ut
690 1393 852 1445 scriptor
869 1392 1034 1445 cyclicus
1052 1392 1165 1431 olim:

214 1448 236 1466 “
249 1446 463 1486 Fortunam
481 1447 626 1486 Priami
643 1447 805 1486 cantabo
823 1449 863 1485 et
881 1446 1006 1485 nobile
1023 1446 1100 1484 bell
1171 1446 1215 1489 .”,

214 1499 290 1547 Qm
428 1514 495 1538 um
533 1514 582 1539 an
601 1514 624 1539 o
658 1514 718 1539 ere
799 1514 819 1538 c
836 1513 1041 1551 promissor
1086 1501 1169 1538 latu
1184 1530 1192 1538 .

214 1552 443 1592 Parturiunt
460 1556 622 1601 montes,
640 1555 818 1592 nascetur
834 1553 1014 1592 ridiculus
1033 1567 1130 1591 mus.

214 1607 368 1654 Quanto
386 1607 527 1646 rectius
544 1607 619 1655 hic,
638 1607 704 1658 qui
720 1607 778 1645 nil
795 1607 952 1645 molitur
970 1607 1120 1658 inepte:

214 1663 235 1680 “
248 1660 324 1715 Q
341 1660 449 1717 mih-i,
468 1660 595 1724 Musa,
613 1661 750 1711 virum²
769 1659 1349 1712 cQQQQQae

213 1715 235 1733 “
313 1713 320 1722 '
383 1727 465 1753 ores
512 1727 683 1753 ommum
700 1714 912 1753 multorum
929 1714 1027 1752 vidit
1046 1715 1085 1752 et
1104 1713 1254 1752 urbes.”

130 1794 132 1797 ψ
212 1767 305 1805 Non
322 1767 473 1806 fumum
491 1781 537 1806 ex
639 1781 714 1815 ore,
733 1781 772 1806 se
817 1781 863 1806 ex
963 1781 986 1806 0
1073 1780 1093 1806 e
1126 1780 1236 1805 ucem

212 1819 382 1872 Cogitat,
400 1824 446 1860 ut
465 1821 632 1873 speciosa
649 1821 785 1860 dehinc
803 1821 985 1859 miracula
1001 1823 1165 1872 promat,

210 1874 452 1926 Antiphaten
471 1875 710 1927 Scyllamque
727 1877 768 1913 et
786 1888 874 1913 cum
892 1874 1058 1926 Cyclope
1077 1874 1296 1926 Charybdin
1311 1891 1319 1920 ;

210 1928 295 1967 Nec
311 1929 479 1967 reditum
497 1929 694 1967 Diomedis
713 1929 760 1967 ab
777 1928 939 1967 interitu
955 1928 1155 1979 Meleagri,

210 1981 295 2020 Nec
312 1982 466 2033 gemino
483 1982 626 2021 bellum
645 1982 854 2033 Trojanum
871 1982 1021 2020 orditur
1038 1982 1086 2020 ab
1104 1995 1197 2029 ovo;

210 2035 366 2087 Semper
384 2036 432 2074 ad
450 2038 631 2075 eventum
648 2036 806 2074 festinat
824 2037 864 2074 et
881 2035 923 2073 in
940 2035 1082 2074 medias
1100 2049 1161 2073 res
1234 2078 1246 2086 ,ἱ

210 2089 303 2126 Νο11
321 2103 428 2128 secus
447 2103 490 2128 ae
507 2092 618 2128 notas
637 2089 851 2128 auditorem
868 2089 969 2140 rapit
988 2091 1039 2135 et,
1059 2102 1154 2140 quae

209 2141 397 2193 Desperat
414 2145 582 2182 tractata
598 2142 782 2181 nitescere
798 2156 919 2193 posse,
936 2142 1128 2193 relinquit,

209 2195 340 2247 Atque
356 2196 414 2234 ita
430 2196 629 2244 mentitur,
648 2196 701 2235 sic
720 2196 819 2235 veris
837 2196 932 2234 falsa
948 2196 1136 2243 remiscet,

210 2248 341 2288 Primo
358 2262 407 2288 ne
424 2249 604 2298 medium,
622 2250 747 2288 medio
766 2263 814 2288 ne
832 2250 1019 2301 discrepet
1036 2249 1168 2287 imum.

262 2301 335 2350 Tu,
354 2302 446 2354 quid
463 2316 534 2354 ego
553 2305 593 2341 et
610 2303 771 2354 populus
790 2316 940 2341 mecum
958 2302 1156 2349 desideret,
1176 2301 1263 2340 audi
1279 2318 1287 2338 ε

209 2355 251 2393 Si
267 2355 451 2406 plausoris
470 2369 557 2407 eges
576 2356 706 2395 aulaea
722 2356 913 2395 manentis
931 2359 971 2395 et
990 2369 1109 2407 usque

209 2409 366 2457 Sessuri,
384 2409 503 2448 donec
521 2412 656 2448 cantor
673 2410 752 2448 Vos
770 2410 939 2461 plaudite
957 2410 1071 2456 dicat,

207 2462 361 2500 Aetatis
380 2463 559 2514 cujusque
577 2463 738 2501 notandi
756 2465 847 2501 sunt
865 2463 939 2501 tibi
957 2476 1093 2509 mores,

209 2515 494 2567 Mobilibusque
512 2516 624 2554 decor
640 2516 788 2554 naturis
806 2516 953 2554 dandus
971 2518 1012 2554 et
1030 2515 1151 2554 annis.

211 2568 386 2608 Reddere
404 2569 470 2620 qui
487 2583 599 2608 voces
611 2570 693 2621 jam
712 2570 784 2608 scit
802 2583 896 2620 puer
914 2572 954 2608 et
972 2569 1066 2620 pede
1085 2570 1188 2606 certo

207 2622 345 2674 Signat
362 2622 537 2670 humum,
556 2622 676 2675 gestit
693 2623 846 2674 paribus
864 2622 1052 2662 colludere
1071 2624 1111 2660 et
1129 2621 1225 2659 iram
