1670 2736
389 1085 599 1124 Emsmom
626 1083 780 1122 L—An
808 1081 1119 1120 MAECENATEM.

181 1189 311 1228 Prima
327 1187 428 1227 dicte
445 1187 554 1234 mihi,
572 1198 722 1224 summa
739 1183 894 1223 dicende
913 1182 1090 1229 Camena,

179 1243 403 1295 Spectatum
420 1241 512 1279 satis
530 1242 571 1278 et
589 1240 774 1278 donatum
786 1238 869 1289 jam
885 1237 978 1275 rude
997 1235 1155 1286 quaeris,

180 1297 394 1343 Maecenas,
410 1295 551 1333 iterum
569 1293 726 1343 antiquo
744 1305 805 1329 me
823 1290 1013 1329 includere
1031 1289 1120 1327 ludo
1135 1306 1142 1326 :

179 1349 273 1388 Non
293 1349 424 1388 eadem
441 1349 499 1387 est
517 1349 632 1393 aetas,
650 1359 727 1384 non
746 1358 864 1383 mens,
920 1343 1112 1390 Veianius,
1131 1341 1243 1380 armis

180 1402 359 1442 Herculis
377 1401 426 1440 ad
441 1403 592 1453 postem
609 1399 706 1446 fixis,
723 1399 821 1437 latet
839 1397 991 1436 abditus
1010 1409 1113 1447 agro,

180 1456 244 1495 Ne
261 1456 444 1508 populum
461 1457 631 1493 extrema.
646 1453 763 1492 toties
782 1454 910 1490 exoret
929 1464 1051 1489 arena.

182 1510 258 1550 Est
275 1509 372 1548 mihi
387 1510 591 1560 purgatam
608 1507 737 1545 crebro
756 1505 822 1555 qui
838 1506 1014 1556 personet
1033 1516 1183 1541 aurem:

183 1563 295 1602 Solve
313 1563 570 1601 senescentem
587 1562 736 1598 mature
754 1571 866 1597 sanus
885 1571 1036 1608 equum,
1054 1570 1102 1595 ne

185 1616 324 1656 Peccet
342 1615 390 1654 ad
407 1617 621 1654 extremum
637 1612 816 1651 ridendus
835 1614 874 1650 et
892 1611 958 1649 ilia
976 1610 1102 1648 ducat.

185 1670 302 1709 Nunc
319 1669 448 1719 itaque
465 1670 506 1707 et
523 1680 653 1706 versus
671 1668 711 1705 et
730 1667 854 1704 cetera
870 1664 1015 1703 ludicra
1031 1677 1143 1715 pono,

186 1723 289 1771 Quid
297 1735 430 1761 verum
443 1723 557 1772 atque
567 1720 702 1759 decens
715 1733 805 1758 curo
819 1721 858 1757 et
869 1731 962 1769 rogo
976 1719 1016 1756 et
1027 1717 1150 1755 omnis
1163 1716 1203 1754 in
1214 1715 1286 1754 hoc
1298 1728 1397 1761 sum3

187 1777 319 1816 Gondo
337 1779 376 1815 et
394 1788 590 1826 compono,
609 1787 703 1824 quae
721 1786 810 1811 mox
829 1772 1045 1823 depromere
1061 1770 1214 1822 possim.

239 1831 298 1869 Ac
315 1843 364 1869 ne
381 1829 480 1868 forte
496 1841 626 1879 roges„
637 1841 711 1877 quo
729 1840 790 1865 me
808 1826 913 1872 duce,
933 1838 1007 1876 quo
1024 1825 1101 1863 lare
1118 1826 1245 1862 tuter:

186 1883 343 1922 Nullius
361 1882 534 1922 addictus
547 1882 675 1933 jurare
691 1880 733 1918 in
750 1880 865 1918 verba
881 1878 1067 1930 magistri,

187 1938 272 1986 Quo
289 1951 350 1976 me
368 1949 515 1986 cunque
532 1935 633 1986 rapit
650 1935 869 1984 tempestas,
888 1932 1033 1972 deferor
1049 1932 1199 1982 hospes.

186 1991 303 2030 Nunc
321 1990 430 2042 agilis
448 1991 499 2028 fio
516 1994 556 2027 et
574 2001 716 2027 mersor
734 1987 907 2025 civilibus
925 1985 1049 2032 undis,

186 2044 353 2083 Virtutis
370 2057 479 2082 verae
497 2044 625 2081 custos
643 2040 860 2093 rigidusque
878 2039 1051 2085 satelles3

186 2098 302 2136 Nunc
319 2098 360 2136 in
377 2096 565 2148 Aristippi
581 2095 715 2134 furtim
732 2096 932 2145 praecepta.
947 2093 1105 2138 relabor,

187 2151 244 2190 Et
261 2151 357 2189 mihi
373 2164 444 2198 res,
462 2163 540 2188 non
557 2163 619 2188 me
636 2149 747 2187 rebus
766 2148 992 2199 subjungere
1011 2159 1135 2184 conor.

188 2204 247 2243 Ut
264 2219 340 2243 nox
356 2204 482 2255 longa,
501 2203 636 2254 quibus
654 2202 841 2240 mentitur
859 2201 989 2247 amica,
1008 2199 1160 2249 diesque

188 2257 324 2309 Longa
339 2257 490 2296 videtur
508 2269 602 2308 opus
620 2255 855 2301 debentibus,
874 2256 919 2292 ut
937 2253 1044 2305 piger
1062 2265 1183 2291 annus

189 2310 361 2362 Pupinia,
380 2324 473 2361 quos
492 2310 586 2348 dura
603 2309 742 2361 premit
761 2308 933 2347 custodia
949 2309 1139 2345 matrum:

189 2364 250 2403 Sic
267 2364 364 2402 mihi
380 2364 492 2402 tarda
507 2363 634 2402 fluunt
651 2363 876 2414 ingrataque
893 2363 1076 2411 tempora,
1096 2372 1190 2410 quae
1210 2371 1315 2408 spem

189 2417 471 2468 Consiliumque
487 2418 685 2455 morantur
702 2415 839 2467 agendi
855 2414 1003 2453 naviter
1019 2414 1070 2459 id,
1089 2412 1190 2463 quod

189 2471 319 2522 Aeque
337 2470 562 2522 pauperibus
579 2470 744 2520 prodest,
762 2468 1012 2519 locupletibus
1031 2480 1158 2516 aeque,

190 2525 321 2575 Aeque
338 2523 556 2575 neglectum
573 2522 697 2574 pueris
715 2522 939 2571 senibusque
957 2520 1130 2559 nocebit:

243 2577 394 2624 Restat,
413 2579 459 2615 ut
476 2577 536 2615 his
555 2590 626 2627 ego
643 2589 705 2615 me
722 2576 801 2627 ipse
819 2588 949 2625 regam
967 2574 1136 2623 solerque
1155 2570 1362 2611 elementis.

192 2631 283 2670 Non
302 2631 422 2683 possis
441 2630 549 2670 oculo
567 2632 754 2680 quantum
772 2628 998 2668 contendere
1017 2627 1204 2679 Lynceus,
