1670 2736
627 121 712 150 m.
730 121 780 148 11.
801 119 886 148 sn.
905 119 944 147 v.
1343 107 1420 145 237

211 222 270 263 Et
284 231 526 275 quoscunque
542 219 639 258 feret
657 217 782 256 cultus
799 216 874 255 tibi
890 214 1030 253 fundus
1048 213 1209 252 honores

209 278 315 316 Ante
331 275 470 318 Larem
485 274 618 325 gustet
634 269 880 310 venerabilior
897 268 994 307 Lare
1012 267 1116 305 dives
1129 283 1138 314 ;

210 330 287 379 Qui
303 327 475 381 quamvis
491 325 662 378 perjurus
680 324 765 371 erit,
783 323 863 361 sine
884 324 1011 374 gente,
1030 322 1208 359 cruentus

211 383 404 435 Sanguine
419 381 596 427 fraterno,
614 377 811 430 fugitivus,
829 389 878 414 ne
895 378 1025 414 tamen
1042 374 1099 412 illi

210 437 274 475 Tu
291 448 415 475 comes
433 433 606 480 exterior,
624 432 657 471 si
673 430 853 483 postulet,
871 429 925 468 ire
943 441 1101 467 recuses.

210 490 318 529 Utne
335 491 466 540 tegam
483 499 616 539 spurco
633 485 779 523 Damae
796 482 929 522 latus?
957 481 1077 520 Haud
1093 481 1149 519 ita
1166 479 1311 531 Trojae.

211 543 281 582 Me
298 542 398 595 gessi
414 543 562 580 certans
581 551 727 589 semper
743 537 971 576 melioribus.
1026 535 1131 586 Ergo

212 597 362 648 Pauper
378 595 462 634 eris.
517 593 676 632 Fortem
693 592 765 630 hoc
782 590 952 629 animum
969 589 1128 627 tolerare
1140 587 1281 639 jubebo
1295 603 1303 634 3

212 651 269 688 Et
287 649 475 701 quondam
492 647 636 699 majora
652 645 737 684 tuli.
792 644 854 682 'ru
870 643 1055 694 protinus,
1073 642 1173 680 unde

211 703 379 742 Divitias
396 701 564 752 aerisque
580 712 700 746 1113111,
719 698 779 736 dic
798 710 929 748 augur,
948 709 1111 734 acervos

212 757 306 795 Dixi
323 755 496 807 equidem
513 756 553 792 et
571 753 655 791 dico
670 769 678 791 :
707 754 835 802 captes
853 752 1004 789 astutus
1022 749 1160 799 ubique

212 810 460 849 Testamenta
476 820 620 854 senum,
637 819 723 852 neu,
742 805 775 843 si
791 804 894 842 vafer
912 817 1010 841 unus
1028 805 1068 841 et
1087 802 1182 840 alter

213 863 481 902 Insidiatorem
497 873 670 912 praeroso
687 858 828 910 fugerit
845 858 971 904 hamo,

212 918 296 956 Aut
313 929 419 968 spem
435 915 598 966 deponas
617 915 684 951 aut
702 914 824 950 artem
840 911 973 949 illusus
992 909 1160 948 omittas.

214 970 360 1022 Magna
375 968 545 1007 minorve
562 967 643 1005 foro
662 966 694 1004 si
711 979 769 1004 res
789 964 996 1004 certabitur
1013 963 1115 1010 olim,

212 1023 329 1062 Vivet
345 1025 432 1061 uter
449 1021 614 1072 locuples
633 1020 712 1058 sine
731 1018 870 1071 gnatis,
888 1017 1093 1068 improbus,
1111 1016 1213 1054 ultro

213 1077 289 1125 Qui
304 1075 498 1115 meliorem
515 1074 637 1113 audax
653 1075 764 1111 vocet
781 1073 823 1110 in
835 1072 910 1123 jus,
929 1070 1029 1108 illius
1047 1072 1129 1108 esto

212 1130 419 1176 Defensor3
443 1129 546 1167 fama
563 1127 683 1166 civem
701 1138 884 1176 causaque
902 1125 1064 1176 priorem

211 1184 364 1235 Sperne,
381 1182 486 1221 domi
503 1181 536 1219 si
553 1183 694 1232 gnatus
713 1180 786 1218 erit
804 1178 1012 1217 fecundave
1031 1177 1180 1228 conjux.

211 1237 364 1285 Quinte,
381 1237 487 1287 puta,
506 1237 574 1273 aut
593 1234 719 1281 Publi,
737 1233 906 1285 gaudent
924 1231 1164 1282 praenomine
1182 1229 1313 1268 molles

211 1289 423 1337 Auriculae,
440 1288 515 1327 tibi
531 1301 592 1327 me
609 1288 732 1326 virtus
749 1289 819 1325 tua
836 1285 926 1324 fecit
944 1284 1130 1331 amicum3

210 1343 239 1382 J
239 1357 285 1382 us
302 1356 438 1394 anceps
455 1342 555 1389 novi,
574 1355 702 1380 causas
721 1340 917 1378 defendere
934 1352 1088 1389 possum
1102 1354 1110 1385 3

210 1397 361 1449 Eripiet
379 1396 502 1447 quivis
519 1395 647 1434 oculos
665 1394 778 1433 citius
796 1392 903 1439 mihi,
922 1405 1036 1443 quam
1053 1394 1093 1429 te

212 1450 487 1501 Oontemptum
505 1462 610 1487 cassa
626 1461 721 1486 nuce
738 1448 941 1498 pauperet;
968 1446 1061 1483 haec
1078 1457 1164 1482 mea
1181 1457 1270 1482 cura
1288 1445 1358 1489 est,

211 1504 276 1542 Ne
294 1503 386 1554 quid
402 1505 449 1541 tu
465 1502 610 1554 perdas,
627 1514 703 1539 neu
721 1501 771 1539 sis
785 1501 905 1552 jocuS.
961 1499 1024 1537 Ire
1043 1498 1198 1536 domum
1216 1500 1330 1547 atque

214 1557 437 1596 Pelliculam
455 1569 583 1594 curare
596 1555 710 1606 jube;
738 1555 765 1591 fi
783 1553 957 1604 cognitor
973 1552 1073 1603 ipse:

214 1610 350 1649 Persta
367 1611 480 1660 atque
498 1609 652 1655 obdura,
670 1621 736 1646 seu
752 1607 866 1645 rubra
884 1605 1064 1644 Canicula
1080 1604 1201 1643 findet

215 1663 388 1702 Infantes
406 1664 564 1709 statuas,
582 1675 649 1700 seu
665 1660 800 1712 pingui
816 1661 947 1698 tentus
966 1672 1093 1697 omaso

216 1717 355 1755 Furius
372 1715 548 1755 hibernas
567 1728 660 1754 cana
676 1714 763 1752 nive
781 1714 964 1764 conspuet
978 1712 1105 1763 Alpes.

216 1770 357 1809 Nonne
374 1769 490 1817 vides,
509 1768 642 1819 aliquis
660 1767 789 1806 cubito
807 1768 976 1805 stantem
992 1779 1107 1816 prope
1125 1767 1286 1816 tangens

216 1823 384 1875 Inquiet,
402 1825 448 1861 ut
463 1822 623 1874 patiens,
642 1823 687 1860 ut
706 1821 834 1860 amicis
853 1821 976 1871 aptus,
994 1821 1040 1857 ut
1058 1818 1172 1857 acer?

217 1877 350 1916 Plures
367 1876 562 1915 adnabunt
579 1875 721 1914 thunni
738 1876 778 1913 et
796 1873 937 1912 cetaria
954 1874 1133 1911 crescent.

217 1931 259 1969 Si
275 1930 336 1970 cui
352 1932 545 1982 praeterea
561 1929 706 1967 validus
724 1927 822 1966 male
839 1927 940 1965 filius
957 1926 998 1964 in
1016 1939 1056 1964 re

216 1984 414 2023 Praeclara
429 1983 600 2022 sublatus
618 1983 750 2029 aletur,
767 1994 816 2020 ne
833 1980 1077 2018 manifestum

217 2037 378 2077 caelibis
395 2036 616 2087 obsequium
633 2035 752 2074 nudet
769 2037 822 2082 te,
839 2034 976 2072 leniter
992 2034 1033 2071 in
1051 2045 1155 2084 spem
1217 2054 1246 2073 ι,

216 2091 366 2143 Adrepe
384 2090 582 2138 officiosus,
599 2092 645 2128 ut
663 2091 702 2128 et
720 2088 880 2127 scribare
898 2086 1082 2126 secundus

217 2144 342 2184 Heres
359 2145 412 2191 et,
430 2143 463 2182 si
480 2143 563 2194 quis
582 2157 689 2182 casus
706 2155 866 2194 puerum
883 2140 1004 2192 egerit
1023 2140 1132 2186 Orco,

218 2198 269 2237 In
285 2211 447 2237 vacuum
464 2197 615 2245 venias3
640 2209 791 2248 perraro
808 2195 901 2233 11300
919 2194 999 2232 3103
1016 2193 1125 2231 fallit.

219 2251 294 2299 Qui
311 2252 586 2290 testamentum
602 2250 730 2289 tradet
746 2249 820 2288 tibi
838 2261 984 2298 cunque
1002 2247 1217 2298 legendum,

218 2305 396 2343 Abnuere
414 2306 454 2342 et
470 2304 619 2342 tabulas
637 2317 660 2342 a
676 2306 717 2342 te
735 2315 925 2342 removere
942 2302 1147 2347 memento,

219 2358 279 2396 Sic
298 2361 439 2405 tamen,
458 2359 503 2395 ut
520 2357 620 2395 limis
638 2357 772 2408 rapias,
791 2355 882 2406 quid
899 2355 1021 2406 prima
1038 2354 1201 2392 secundo

219 2412 316 2450 Cera
332 2411 425 2450 velit
443 2424 575 2458 versu3
602 2411 702 2449 solus
721 2409 901 2447 multisne
920 2408 1083 2454 coheres,

219 2465 351 2503 Veloci
368 2477 541 2515 percurre
559 2464 678 2502 oculo.
733 2463 961 2512 Plerumque
979 2463 1149 2499 recoctus

221 2518 351 2556 Scriba
369 2531 414 2555 ex
432 2517 677 2567 quinqueviro
696 2530 851 2555 corvum
869 2515 1022 2553 deludet
1041 2514 1223 2559 hiantem,

220 2571 476 2622 Captatorque
494 2570 600 2609 dabit
618 2571 714 2609 risus
732 2570 873 2608 Nasica
891 2568 1048 2607 Corano.

220 2625 329 2663 Num
347 2623 471 2663 furis?
500 2637 547 2662 an
565 2625 728 2676 prudens
746 2623 845 2662 ludis
863 2635 924 2662 me
942 2622 1100 2661 obscura
1118 2621 1316 2660 canendo?
