1670 2736
228 122 305 159 312
767 133 945 162 nommn

283 226 466 265 Indoctus
485 226 576 277 quid
593 227 694 265 enim
711 230 856 279 saperet
877 228 1043 279 liberque
1060 228 1231 267 laborum

282 279 463 318 Rusticus
480 280 624 318 urbano
641 281 827 328 confusus,
845 281 967 332 turpis
984 282 1144 320 honesto
1160 281 1178 320 Ρ

283 332 344 371 Sic
361 333 501 383 priscae
518 335 739 384 motumque
757 336 796 372 et
813 334 999 372 luxuriem
1016 335 1161 373 addidit
1178 335 1252 374 arti

283 385 438 424 Tibicen
455 386 646 437 traxitque
662 400 781 438 vagus
798 400 865 437 per
881 387 1029 438 pulpita
1045 390 1212 435 vestem;

285 438 346 476 Sic
364 439 479 477 etiam
498 439 634 478 fidibus
651 453 761 478 voces
780 453 926 478 crevere
944 440 1092 487 severis,

281 491 337 529 Et
354 492 447 529 tulit
466 492 655 543 eloquium
672 492 869 530 insolitum
886 493 1061 531 facundia
1076 506 1261 544 praccePS,

282 544 520 595 Utiliumque
539 558 654 596 sagax
670 558 796 583 rerum
814 548 852 584 et
872 546 999 584 divina
1011 546 1131 584 futuri

283 597 480 648 Sortilegis
498 611 575 636 non
593 598 795 649 discrepuit
814 599 1003 637 sententia
1019 599 1190 650 Delphis.

335 650 508 688 Carmine
527 651 591 701 qui
607 651 753 702 tragico
770 652 885 690 vilem
902 652 1062 690 certavit
1079 653 1127 690 ob
1145 652 1304 699 hircum,

282 704 377 741 Mox
395 704 510 742 etiam
528 706 694 755 agrestes
712 705 867 756 Satyros
885 705 1043 743 nudavit
1061 707 1101 743 et
1119 718 1224 756 asper

283 756 472 794 Incolumi
489 757 677 808 gravitate
689 757 819 808 jocum
836 758 1002 796 tentavit
1020 771 1074 805 eo,
1094 758 1194 808 quod

283 809 473 848 IHecebris
492 812 572 848 erat
590 812 629 848 et
647 812 757 861 grata
773 810 942 849 novitate
959 811 1161 849 morandus

283 863 481 913 Spectator
498 863 723 914 functusque
742 864 854 902 sacris
873 868 912 902 et
929 866 1043 914 potus
1060 866 1100 902 et
1118 864 1235 902 exlex.

280 915 423 953 Verum
440 916 497 954 ita
514 916 658 963 risores,
676 916 732 954 ita
750 917 1009 955 commendare
1028 917 1171 955 dicaces

283 968 491 1007 Conveniet
509 969 676 1020 Satyros,
695 969 751 1007 ita
768 972 913 1008 vertere
931 970 1027 1008 seria
1042 970 1143 1017 ludo,

282 1022 344 1059 Ne
362 1022 573 1072 quicunque
591 1022 692 1069 deus,
712 1022 922 1073 quicunque
939 1023 1178 1061 adhibebitur
1195 1023 1317 1070 heros,

282 1074 417 1125 Regali
435 1077 655 1125 conspectus
672 1075 712 1113 in
731 1089 820 1113 auro
838 1089 956 1126 nuper
973 1077 1013 1114 et
1031 1078 1144 1122 ostro,

283 1127 429 1178 Migret
447 1128 487 1165 in
505 1129 679 1166 obscuras
697 1128 833 1166 humili
851 1142 1019 1167 sermone
1036 1129 1221 1175 tabernas,

283 1181 377 1227 Aut,
396 1181 487 1218 dum
505 1181 605 1219 vitat
621 1182 792 1227 humum,
810 1182 928 1220 nubes
947 1184 987 1220 et
1004 1182 1130 1220 inania
1147 1183 1287 1233 captet.

282 1233 446 1272 Effutire
464 1234 563 1272 leves
580 1234 737 1285 indigna
754 1234 963 1285 Tragoedia
978 1248 1118 1282 versus,

286 1286 345 1324 Ut
363 1286 468 1324 festis
486 1289 658 1325 matrona
675 1287 816 1325 moveri
828 1287 935 1338 jussa
951 1287 1091 1334 diebus,

283 1340 465 1377 Intererit
484 1340 631 1390 Satyris
647 1340 803 1390 paulum
820 1340 1040 1390 pudibunda
1055 1339 1252 1391 protervis.

282 1393 373 1430 Non
391 1406 461 1443 ego
479 1393 654 1430 inornata
671 1395 710 1431 et
729 1392 962 1431 dominantia
978 1393 1133 1431 nomina.
1149 1392 1273 1430 solum

282 1445 489 1496 Verbaque,
509 1445 676 1492 Pisones,
696 1445 918 1496 Satyrorum
937 1446 1097 1496 scriptor
1113 1446 1269 1492 amabo3

281 1499 364 1536 Nec
383 1498 434 1536 sic
453 1498 574 1536 enitar
590 1498 737 1549 tragico
754 1498 901 1536 differre
920 1498 1048 1545 colori,
1117 1524 1122 1529 -

282 1551 340 1589 Ut
358 1551 454 1589 nihil
470 1551 634 1599 intersit,
653 1552 831 1590 Davusne
850 1552 1027 1602 loquatur
1045 1554 1085 1589 et
1103 1551 1224 1589 audax

283 1604 444 1655 Pythias
462 1607 638 1642 emuncto
656 1604 802 1642 lucrata
820 1604 971 1642 Simone
987 1604 1187 1651 talentum,

282 1658 346 1694 An
364 1659 490 1695 custos
508 1657 744 1708 famulusque
762 1657 822 1695 dei
840 1657 986 1695 Silenus
1005 1657 1158 1695 alumni.

284 1710 346 1747 Ex
365 1712 457 1748 noto
475 1711 609 1748 fictum
627 1723 776 1748 carmen
794 1723 936 1761 sequar,
955 1712 1001 1748 ut
1019 1710 1091 1748 sibi
1108 1710 1230 1760 quivis

283 1763 415 1813 Speret
432 1763 544 1810 idem,
563 1763 672 1801 sudet
690 1763 856 1801 multum
873 1763 1085 1813 frustraque
1102 1763 1248 1801 laboret

282 1817 407 1853 Ausus
425 1816 546 1854 idem:
574 1818 728 1854 tantum
746 1817 857 1854 series
869 1816 1121 1866 juncturaque
1138 1816 1268 1866 pollet,

282 1868 450 1906 Tantum
468 1869 513 1907 de
530 1869 654 1907 medio
672 1869 832 1919 sumptis
851 1869 994 1907 accedit
1011 1869 1176 1906 honoris.

284 1922 395 1959 Silvis
414 1922 566 1960 deducti
584 1924 740 1960 caveant
757 1935 818 1960 me
831 1921 957 1972 judice
975 1921 1109 1968 Fauni,

284 1975 345 2012 Ne
363 1975 469 2012 velut
486 1975 609 2012 i1mati
626 1975 749 2012 triviis
767 1988 808 2012 ac
826 1988 942 2025 paene
959 1974 1122 2012 forenses

282 2028 364 2065 Aut
382 2028 542 2065 nimium
558 2028 696 2066 teneris
708 2028 939 2078 juvenentur
955 2027 1122 2065 versibus
1140 2040 1318 2077 unquam,

283 2081 366 2118 Aut
383 2080 578 2118 immunda
596 2082 748 2131 crepent
765 2080 1085 2131 ignominiosaque
1103 2079 1225 2127 dicta3

285 2133 538 2171 Offenduntur
555 2133 666 2180 enim,
685 2133 819 2183 quibus
838 2135 896 2171 est
914 2146 1030 2183 equus
1048 2134 1087 2170 et
1105 2134 1214 2182 pater
1231 2134 1270 2170 et
1289 2145 1360 2178 res,

284 2186 379 2233 Nec,
398 2186 430 2224 si
448 2186 538 2236 quid
555 2186 656 2223 fricti
674 2186 800 2224 ciceris
817 2186 951 2236 probat
970 2188 1009 2223 et
1026 2185 1132 2223 nucis
1150 2187 1308 2235 emptor,

285 2239 426 2289 Aequis
445 2239 633 2289 accipiunt
651 2239 783 2276 animis
802 2239 990 2276 donantve
1009 2251 1155 2276 corona.

339 2292 492 2343 Syllaba
508 2292 623 2342 longa
638 2292 743 2329 brevi
761 2292 928 2342 subjecta
944 2293 1101 2329 vocatur
1117 2291 1274 2336 iambus,

286 2345 359 2382 Pes
378 2345 497 2391 citus3
525 2345 624 2382 unde
642 2344 756 2382 etiam
773 2344 956 2382 trimetris
975 2357 1178 2382 accrescere
1191 2343 1306 2394 jussit

285 2398 437 2435 Nomen
455 2398 620 2443 iambeis,
639 2411 726 2435 cum
743 2411 850 2435 senos
867 2397 1038 2435 redderet
1055 2397 1154 2434 ictus

286 2450 436 2487 Primus
455 2451 502 2488 ad
520 2452 730 2488 extremum
748 2450 879 2487 similis
897 2450 979 2488 sibi.
1033 2450 1124 2487 Non
1141 2449 1197 2486 ita
1213 2448 1370 2499 pridem,

286 2503 442 2540 Tar-dior
459 2506 504 2540 ut
521 2504 632 2553 paulo
649 2503 870 2553 graviorque
886 2503 1031 2540 veniret
1049 2502 1097 2539 ad
1114 2515 1231 2548 aures,

285 2556 475 2605 Spondeos
493 2556 645 2594 stabiles
663 2556 704 2593 in
716 2556 803 2606 jura
818 2557 974 2606 paterna
990 2554 1130 2605 recepit

289 2608 517 2646 Commodus
532 2610 571 2646 et
588 2609 747 2658 patiens,
765 2622 841 2646 non
860 2610 904 2646 ut
924 2609 969 2646 de
988 2608 1072 2646 sede
1090 2607 1252 2645 secunda
