1670 2736
251 98 329 136 296
606 147 609 149 ¹
668 107 845 135 Hommu
861 108 1094 136 ammom.

306 202 364 241 Ut
382 202 508 241 studio
525 202 665 254 majore
681 203 815 253 petant
833 202 1021 242 Helicona
1036 204 1233 243 virentem.

359 255 490 294 Multa
506 255 658 306 quidem
674 254 782 294 nobis
799 255 955 294 facimus
973 256 1072 295 mala
1088 270 1196 308 saepe
1212 260 1358 308 poetae,

306 308 364 346 Ut
381 306 510 346 vineta
525 310 676 359 egomet
693 309 843 346 caedam
860 322 955 356 mea,
974 323 1060 347 cum
1076 309 1149 348 tibi
1165 310 1303 349 librum

306 361 477 400 Sollicito
494 361 626 399 damus
644 362 712 399 aut
728 361 847 408 fesso3
874 375 961 400 cum
977 362 1169 411 laedimur,
1186 377 1306 402 unum

305 414 346 452 Si
364 414 446 465 quis
464 414 669 452 amicorum
686 415 744 452 est
762 427 873 452 ausus
890 415 1156 465 reprehendere
1172 429 1344 464 versum;

306 466 403 505 Cum
421 467 503 505 loca
514 467 595 518 jam
611 467 770 505 recitata
786 467 1013 508 revolvimus
1026 468 1245 516 irrevocati3

307 520 405 558 Cum
422 520 672 558 lamentamur
688 533 766 558 non
783 533 958 571 apparere
974 521 1118 560 labores

305 573 470 612 Nostros
488 575 528 611 et
545 572 653 611 tenui
671 572 832 611 deducta
848 575 1027 623 poemata
1042 574 1128 622 filo;

305 626 403 664 Cum
421 638 611 677 speramus
629 638 673 664 eo
690 639 771 664 rem
787 628 997 674 venturam,
1015 629 1060 665 ut
1079 627 1190 665 simul
1207 629 1321 678 atque

309 678 485 717 Carmina
502 678 667 717 rescieris
685 692 754 717 nos
771 679 923 730 fingere,
942 680 1158 719 commodus
1175 680 1277 718 ultro

305 732 481 770 Arcessas
499 734 538 770 et
556 745 665 782 cgere
681 733 787 771 vetes
804 735 844 770 et
862 732 1019 771 scribere
1036 746 1147 784 cogas

306 785 380 823 Sed
395 787 525 823 tamen
543 788 601 823 est
619 798 750 835 operae
767 785 932 836 pretium
950 799 1182 837 cognoscere,
1202 785 1330 837 quales

305 838 488 876 Aedituos
506 838 644 876 habeat
661 837 751 876 belli
768 839 937 889 spectata
954 838 1129 890 domique

304 891 437 929 Virtus
454 891 611 942 indigno
628 904 705 929 non
723 891 995 930 committenda
1010 894 1157 943 poetae.

360 1732 501 1769 Gratus
518 1729 732 1768 Alexandro
749 1729 831 1780 regi
847 1742 985 1780 magno
1003 1729 1077 1768 fuit
1094 1729 1158 1768 ille

308 1785 515 1831 Choerilus,
532 1782 685 1821 incultis
704 1782 769 1833 qui
785 1782 953 1820 versibus
971 1784 1010 1820 et
1028 1782 1125 1821 male
1142 1783 1244 1821 natis

307 1837 478 1876 Rettulit
496 1838 678 1886 acceptos,
696 1835 820 1886 regale
837 1835 1032 1882 nomisma,
1051 1835 1258 1887 Philippos.

308 1891 382 1929 Sed
399 1890 520 1928 veluti
536 1890 702 1927 tractata
718 1890 851 1926 notam
868 1888 1062 1939 labemque
1079 1889 1284 1927 remittunt

306 1944 543 1989 Atramenta,
561 1942 637 1980 scre
655 1941 852 1991 scriptores
870 1941 1032 1979 carmine
1049 1941 1157 1980 foedo

308 1996 509 2047 Splendida
525 1996 626 2033 facta
641 1994 779 2031 linunt.
833 1993 942 2031 Idem
959 2007 1024 2031 rex
1040 1994 1114 2041 ille,
1132 1999 1269 2044 poema

309 2050 383 2097 Qui
401 2052 483 2087 tam
499 2047 701 2086 ridiculum
717 2049 799 2084 tam
817 2059 898 2084 care
915 2047 1095 2097 prodigus
1112 2047 1216 2094 emit,

308 2103 448 2141 Edicto
465 2101 600 2147 vetuit,
618 2113 666 2138 ne
685 2100 767 2150 quis
786 2113 824 2137 se
841 2101 989 2149 praeter
1006 2099 1179 2150 Apellem

309 2155 489 2206 Pingeret
508 2155 574 2192 aut
592 2153 685 2191 alius
704 2152 870 2203 Lysippo
889 2152 1040 2190 duceret
1058 2166 1142 2191 aera

309 2208 437 2246 Fortis
455 2205 660 2245 Alexandri
676 2205 827 2242 vultum
844 2205 1070 2243 simulantia.
1125 2205 1234 2252 Quod
1251 2205 1283 2243 si

309 2260 338 2298 J
338 2261 505 2299 udicium
523 2258 660 2297 subtile
677 2257 846 2295 videndis
864 2257 1008 2295 artibus
1024 2258 1119 2295 illud

309 2314 372 2351 Ad
388 2314 503 2351 libros
521 2314 560 2351 et
579 2312 626 2349 ad
643 2311 734 2348 haec
752 2310 951 2348 Musarum
969 2311 1066 2348 dona
1082 2324 1243 2358 vocares,

310 2367 499 2404 Boeotum
516 2365 557 2402 in
575 2377 696 2404 crasso
710 2363 852 2414 jurares
871 2368 953 2401 aere
970 2365 1115 2401 natum.

362 2420 418 2457 At
436 2431 555 2469 neque
573 2417 796 2456 dedecorant
813 2418 882 2454 tua
898 2417 944 2454 de
962 2429 1000 2454 se
1013 2416 1154 2467 judicia
1171 2418 1285 2467 atque

310 2473 483 2519 Munera,
498 2484 591 2521 quae
608 2470 731 2508 multa
747 2469 872 2507 dantis
890 2482 977 2507 cum
993 2469 1101 2507 laude
1117 2469 1288 2507 tulerunt

310 2525 453 2563 Dilecti
469 2524 542 2562 tibi
559 2523 739 2574 Virgilius
757 2522 964 2572 Variusque
980 2524 1136 2572 poetae3

311 2578 393 2616 Nec
411 2577 532 2628 magis
550 2575 711 2626 expressi
728 2575 858 2613 vultus
874 2588 941 2626 per
957 2577 1073 2613 aenea
1085 2574 1203 2625 signa,
