1670 2736
310 97 388 134 246
603 103 605 105 ·
749 107 926 136 noman
945 106 1130 136 samm.

362 200 413 238 In
431 202 688 251 corruptorem
704 201 766 240 vel
778 202 928 253 justior.
982 201 1057 240 Illa
1073 204 1203 240 tamen
1220 215 1260 241 se

362 254 455 291 Non
472 253 608 292 habitu
624 256 797 293 mutatve
814 255 908 302 loco,
926 257 1101 306 peccatve
1119 268 1287 306 superne.

362 306 461 343 Cum
477 308 518 344 te
534 306 712 345 formidet
730 308 864 346 mulier
880 321 1000 358 neque
1018 308 1146 346 credat
1163 308 1317 356 amanti,

362 359 443 397 Ibis
463 359 532 397 sub
549 359 694 398 furcam
710 361 873 411 prudens
892 360 1117 410 dominoque
1134 360 1276 399 furenti

360 411 587 450 Committes
605 426 685 450 rem
703 426 854 451 omnem
871 415 910 451 et
928 413 1048 451 vitam
1065 415 1104 451 617
1122 427 1209 451 cum
1222 426 1374 465 corpore
1390 414 1541 454 famam.

360 464 519 503 Evasti:
548 466 669 512 credo,
688 468 834 504 metues
852 466 1058 516 doctusque
1076 466 1245 514 cavebis;

359 517 532 564 Quaeres,
552 496 699 568 quando
716 518 855 557 iterum
872 532 1005 569 paveas
1022 518 1234 569 iterumque
1252 519 1373 570 perire

358 570 498 617 Possis,
518 571 550 608 Ο
569 571 684 609 toties
703 572 850 609 servus!
880 571 982 618 Quae
999 571 1124 610 bellua
1140 572 1274 622 ruptis,

358 622 457 661 Cum
475 623 590 661 semel
607 624 753 674 effugit,
770 624 895 663 reddit
913 638 951 662 se
968 637 1084 675 prava
1100 624 1241 663 catenis
1254 624 1273 663 Ρ

402 676 494 714 Non
506 689 590 714 sum
600 677 790 725 moechus,
801 677 866 715 ais.
898 677 1033 727 Neque
1047 691 1128 728 ego,
1141 677 1303 726 hercule,
1314 678 1385 727 fur,
1395 678 1461 717 ubi
1470 691 1560 716 vasa
1610 693 1612 695 ¹

357 729 557 767 Praetereo
577 729 721 780 sapiens
740 731 917 781 argentea
932 747 940 768 :
967 730 1060 768 tolle
1077 730 1269 781 periclum,

357 781 386 819 J
388 795 449 820 am
466 796 563 833 vaga
579 782 748 833 prosiliet
764 783 878 821 fienis
895 785 1032 821 natura
1048 783 1214 821 remotis.

358 834 466 873 Tune
483 835 579 873 mihi
597 835 782 883 dominus,
799 849 923 874 rerum
941 835 1106 886 imperiis
1123 836 1392 886 hominumque

357 887 434 926 Tot
453 888 646 938 tantisque
663 888 798 935 minor,
818 902 929 939 quem
943 891 1003 926 ter
1020 889 1189 927 vindicta
1206 891 1411 939 quaterque

356 940 544 991 Imposita
561 941 664 979 haud
680 955 848 991 unquam
865 941 1000 979 misera
1017 941 1216 980 formidine
1232 942 1356 993 privet
1369 942 1388 981 P

356 993 466 1032 Adde
484 1007 595 1054 super
612 994 735 1041 dictis,
754 994 855 1044 quod
871 1007 949 1032 non
965 994 1084 1032 levius
1105 995 1247 1033 valeat:
1274 1008 1364 1033 nam

357 1046 443 1084 Sive
460 1046 619 1085 vicarius
637 1049 707 1094 est,
725 1047 790 1097 qui
808 1060 913 1085 servo
930 1049 1048 1097 paret,
1066 1047 1126 1085 3171
1142 1060 1224 1086 mos

355 1098 492 1137 Vester
509 1099 574 1147 ait,
589 1113 654 1138 seu
672 1113 892 1147 conservus3
917 1100 991 1138 tibi
1008 1100 1098 1149 quid
1112 1113 1196 1138 sum
1208 1113 1279 1151 ego
1292 1099 1312 1139 Ρ
1337 1082 1486 1151 Nempe

356 1152 427 1199 Tu,
446 1152 541 1190 mihi
559 1153 623 1202 qui
639 1153 844 1203 imperitas,
863 1131 927 1191 3111
945 1153 1060 1191 servis
1077 1153 1190 1191 miser
1207 1155 1321 1203 atque

355 1205 514 1243 Duceris
532 1207 577 1243 ut
595 1205 718 1243 nervis
737 1205 866 1244 alienis
884 1205 1022 1243 mobile
1039 1205 1198 1256 lignum.

408 1258 590 1305 Quisnam
606 1258 725 1309 igitur
742 1257 868 1296 liber?
897 1258 1062 1308 Sapiens,
1081 1258 1152 1296 sibi
1170 1258 1235 1308 qui
1251 1258 1482 1309 imperiosus,

356 1310 478 1357 Quem
494 1323 614 1360 neque
631 1311 823 1361 pauperies
839 1324 959 1360 neque
976 1324 1077 1349 mors
1094 1323 1215 1361 neque
1231 1310 1382 1349 vincula
1397 1313 1553 1358 terrent,

354 1363 589 1424 Responsare
607 1363 854 1414 cupidinibus,
873 1365 1110 1402 contemnere
1128 1363 1287 1402 honores

355 1416 494 1462 Fortis,
513 1416 580 1454 et
569 1430 609 1453 m
629 1429 667 1454 se
684 1416 765 1467 ipso
782 1418 901 1463 totus,
918 1418 1017 1454 teres
1035 1418 1160 1477 atque·
1164 1416 1361 1463 rotundus,

353 1468 516 1507 Externi
532 1482 580 1507 ne
599 1469 689 1518 quid
705 1469 829 1507 valeat
845 1482 912 1519 per
928 1469 1009 1507 leve
1026 1468 1175 1516 morari,

354 1521 404 1559 In
422 1535 534 1571 quem
552 1535 684 1560 manca
699 1522 778 1560 ruit
797 1535 941 1572 semper
958 1522 1122 1560 fortuna.
1176 1521 1341 1560 Potesne

354 1575 416 1612 Ex
433 1575 493 1613 his
510 1576 556 1612 ut
572 1574 766 1625 proprium
784 1574 875 1624 quid
891 1574 1074 1614 noscere?
1102 1574 1274 1624 Quinque
1290 1573 1438 1613 talenta

354 1627 484 1666 Poscit
501 1629 542 1666 te
559 1627 704 1675 mulier,
722 1629 835 1665 vexat
852 1627 1067 1677 foribusque
1084 1626 1276 1677 repulsum

355 1680 555 1718 Perfundit
573 1680 707 1731 gelida,
726 1693 853 1718 rursus
871 1682 1004 1727 vocat3
1031 1680 1131 1730 eripe
1147 1680 1252 1730 turpi

355 1733 489 1771 Colla
474 1747 592 1793 Jug93
619 1733 745 1780 Liber,
762 1733 858 1771 liber
876 1746 971 1780 sum,
991 1710 1050 1771 dic
1068 1745 1148 1783 age.
1202 1732 1294 1770 Non
1311 1732 1416 1782 quis;

354 1785 480 1836 Urget
498 1786 600 1824 enim
618 1786 792 1823 dominus
810 1788 979 1824 mentem
996 1799 1073 1823 non
1089 1784 1184 1823 lenis
1202 1787 1242 1823 et
1259 1798 1360 1823 acres

355 1838 548 1890 Subjectat
565 1838 663 1876 lasso
681 1838 854 1876 stimulos
871 1840 1070 1887 versatque
1086 1839 1302 1888 negantem.

409 1891 480 1930 Vel
498 1905 585 1929 cum
604 1891 785 1929 Pausiaca
801 1891 967 1942 torpes‚'
957 1903 1097 1937 msane,
1115 1890 1264 1937 tabella,

354 1945 428 1991 Qui
444 1958 573 1995 peccas
590 1944 715 1982 minus
733 1946 846 1993 atque
864 1956 946 1994 ego,
965 1957 1052 1981 cum
1071 1943 1185 1981 Fulvi
1204 1942 1454 1992 Rutubaeque

354 1999 436 2035 Aut
455 1997 668 2035 Pacideiani
686 1999 866 2035 contento
883 1996 1027 2047 poplite
1044 1995 1160 2034 miror

355 2050 502 2088 Proelia
518 2050 666 2087 rubrica
681 2049 785 2100 picta
802 2051 868 2087 aut
887 2049 1056 2096 carbone,
1073 2048 1179 2086 velut
1197 2048 1229 2086 si

354 2102 413 2140 Re
430 2115 519 2140 vera
534 2104 717 2152 pugnent,
735 2102 871 2140 feriant
887 2102 1085 2151 vitentque
1102 2102 1296 2139 moventes

354 2156 472 2193 Arma
488 2154 591 2193 viri?
617 2155 794 2204 Nequam
811 2157 851 2193 et
869 2156 1031 2193 cessator
1049 2154 1202 2202 Davus3
1228 2155 1270 2192 at
1286 2153 1365 2204 ipse

354 2207 510 2246 Subtilis
526 2209 697 2245 veterum
707 2207 824 2258 judex
842 2209 881 2245 et
898 2207 1052 2245 callidus
1070 2206 1187 2245 audis.

353 2261 423 2298 Nil
440 2274 521 2311 ego,
541 2260 571 2298 si
590 2260 704 2298 ducor
721 2260 797 2298 libo
814 2260 1007 2298 fumante:
1034 2259 1134 2297 tibi
1123 2272 1272 2319 ingens

354 2313 489 2351 Virtus
507 2315 622 2362 atque
640 2312 786 2350 animus
804 2313 927 2351 coenis
945 2314 1140 2362 responsat
1159 2310 1325 2362 opimis?

355 2366 585 2415 Obsequium
601 2365 743 2403 ventris
761 2365 856 2402 mihi
872 2364 1114 2415 perniciosius
1132 2367 1190 2402 est
1208 2377 1274 2402 cur
1286 2363 1306 2402 Ρ

355 2418 479 2469 'Pergo
496 2418 641 2469 plector
659 2418 770 2456 enim.
825 2418 899 2464 Qui
916 2420 962 2455 tu
979 2417 1200 2467 impunitior
1215 2416 1293 2463 illa,

355 2472 458 2518 Quae
475 2484 589 2521 parvo
608 2470 706 2508 sumi
722 2472 925 2519 nequeunt,
944 2470 1097 2508 obsonia
1114 2468 1271 2520 captas?

354 2524 503 2573 Nempe
520 2523 796 2561 inamarescunt
815 2523 944 2573 epulae
963 2523 1041 2561 sine
1059 2522 1133 2560 fine
1150 2522 1302 2573 petitae.

354 2576 536 2626 Illusique
553 2576 664 2627 pedes
682 2576 862 2614 vitiosum
878 2576 972 2614 ferre
990 2577 1163 2614 recusant
